4617 6575
812 2012 1049 2113 Praelatio
1084 2011 1293 2113 editoris,

442 2281 528 2346 Cum
552 2288 633 2345 ante
666 2282 728 2345 hos
752 2303 810 2345 sex
847 2301 955 2344 annos
978 2280 1082 2343 libros
1106 2279 1334 2345 bibliothecae
1358 2280 1517 2344 ecclesiae
1543 2271 1724 2348 Pimensis*
1738 2283 1773 2347 in

331 2388 486 2453 ordinem
520 2388 717 2473 redigerem,
749 2388 852 2451 incidi
874 2387 962 2452 forte
983 2386 1122 2450 fortuna
1143 2387 1179 2450 in
1201 2408 1280 2451 eum
1300 2387 1454 2452 libellum
1485 2389 1623 2454 Ioannis
1657 2389 1773 2454 Cocini

332 2515 353 2558 a
369 2495 543 2570 Cocinet0,
559 2496 618 2580 qui
638 2494 802 2571 ‚Prolusio
820 2493 1030 2558 Scholastica
1060 2493 1223 2557 Politicae
1241 2493 1517 2558 Exercitationis‘
1537 2495 1770 2580 inscribitur.¹)

331 2603 420 2665 Huic
448 2602 633 2686 exemplari
660 2623 795 2665 annexa
821 2609 872 2665 est
900 2622 969 2665 uno
997 2600 1186 2684 eodemque
1213 2599 1386 2665 volumine
1414 2601 1577 2666 tractatio
1601 2603 1774 2687 quaedam

331 2707 484 2773 eiusdem
520 2709 670 2772 auctoris
703 2729 771 2773 non
794 2708 897 2792 prelo,
922 2714 962 2772 ut
984 2707 1035 2771 ita
1058 2707 1181 2782 dicam,
1204 2707 1397 2784 commissa,
1421 2708 1480 2771 sed
1503 2729 1609 2772 manu
1631 2709 1770 2793 scripta.

330 2815 434 2879 Cuius
449 2816 577 2880 codicis
593 2815 635 2880 de
652 2815 779 2900 origine
795 2836 876 2878 cum
900 2815 1125 2879 bibliothecas
1154 2820 1189 2878 et
1207 2813 1374 2878 Saxoniae
1391 2821 1426 2878 et
1444 2814 1628 2880 Bohemiae
1645 2815 1772 2880 frustra

330 2929 572 3006 perscrutarer,
600 2923 746 3007 benigne
771 2942 825 2986 me
849 2922 1029 2985 certiorem
1054 2921 1135 2984 lecit
1161 2921 1333 2984 Antonius
1357 2921 1514 2996 Truhlai,
1530 2922 1584 2985 vir
1607 2921 1771 2987 libronrm

328 3029 445 3094 Cocini
470 3050 550 3094 cum
577 3029 761 3093 Bohemica
787 3035 863 3092 tum
890 3028 1014 3092 Latina
1039 3027 1154 3112 lingua
1181 3027 1386 3111 scriptorum
1402 3029 1665 3113 peritissimus²)‚
1693 3051 1771 3096 eum

329 3156 372 3200 ne
394 3136 523 3221 Pragae
541 3136 682 3221 quidem
701 3156 773 3199 esse
794 3142 925 3199 notum.
952 3135 1075 3219 ltaque
1095 3155 1175 3198 eum
1195 3135 1229 3197 in
1250 3135 1362 3198 lucem
1382 3135 1480 3198 edere
1500 3135 1571 3200 iarn
1591 3143 1667 3201 turn
1688 3137 1771 3202 mihi

329 3263 453 3327 operae
475 3243 626 3329 pretium
650 3263 721 3307 esse
745 3242 939 3307 videbatur.
1631 3267 1635 3276 ·

443 3350 538 3415 Inest
561 3351 596 3414 in
620 3352 682 3414 hoc
706 3350 823 3414 codice
855 3349 1008 3414 Pimensi
1040 3349 1203 3413 tractatio
1226 3349 1319 3413 haud
1342 3349 1445 3414 dubie
1469 3351 1632 3415 memoria
1656 3350 1769 3435 digna,

330 3458 365 3520 in
381 3479 451 3541 qua
469 3457 642 3541 profertur
660 3458 705 3521 ab
724 3463 863 3521 auctore
884 3456 1049 3541 ,Isagoge‘
1067 3456 1239 3541 quaedam
1258 3456 1302 3520 ad
1322 3463 1391 3520 tres
1409 3477 1581 3521 sermones
1599 3458 1770 3522 Ciceronis

331 3565 393 3639 ‚De
419 3566 586 3641 Oratore‘,
616 3585 723 3649 eaque
751 3563 931 3627 dedicatur
959 3561 1079 3627 eodem
1107 3583 1208 3637 ann0,
1235 3584 1305 3647 quo
1335 3563 1510 3639 ‚Prolusio‘
1540 3564 1598 3628 illa
1626 3564 1771 3630 Cocinea

327 3671 364 3734 in
383 3671 496 3736 lucem
514 3672 642 3755 prodiit
665 3672 767 3753 (anno
787 3668 1092 3754 MDLXXVIII.),
1113 3668 1324 3733 nobilissimo
1343 3670 1417 3734 viro
1434 3669 1630 3748 Bohemic0,
1651 3672 1771 3737 Carolo

329 3799 350 3841 a
367 3781 410 3844 W
412 3778 570 3853 aldstein,
587 3778 647 3863 qui
665 3785 741 3842 tum
758 3784 831 3841 erat
851 3777 979 3861 Pragae
996 3776 1128 3840 consilii
1145 3777 1432 3860 provocationum
1449 3797 1597 3841 assessor
1614 3786 1649 3843 et
1666 3778 1770 3863 paulo

329 3892 409 3967 post
434 3886 618 3950 Caesareae
644 3885 835 3949 Maiestatis
859 3884 1110 3968 consiliarius³)
1139 3882 1258 3947 Edidit
1285 3884 1372 3947 hanc
1401 3883 1590 3969 ,Isagogen‘
1612 3885 1768 3959 Cocinus,

329 4013 411 4056 curn
436 3991 560 4056 studiis
585 3992 780 4056 litterarum
805 3998 840 4055 et
866 3992 901 4053 in
930 3989 1113 4054 Germania
1140 3996 1174 4054 et
1201 3991 1235 4054 in
1266 3990 1369 4054 ltalia
1394 3991 1596 4074 perfunctus
1624 3991 1769 4077 Pragam

329 4098 494 4174 rediisset,
524 4100 559 4162 in
588 4120 660 4174 suo,
690 4106 730 4163 ut
758 4099 793 4162 in
821 4098 895 4181 ipso
923 4097 1097 4181 prooemio
1138 4095 1232 4172 dicit,
1262 4097 1470 4181 inquilinatu
1512 4097 1673 4183 Pragensi
1714 4097 1768 4162 die

329 4204 410 4269 XX.
440 4206 588 4291 Augusti
615 4206 740 4270 mensis
767 4204 920 4268 eiusdem
946 4204 1037 4268 anni.
1064 4204 1239 4287 Quattuor
1266 4204 1440 4268 mensibus
1466 4212 1547 4269 ante
1574 4205 1644 4269 iam
1670 4226 1769 4270 suam

330 4312 585 4388 ‚Prolusionem‘
606 4313 745 4377 miserat
763 4312 808 4376 ad
825 4311 1105 4394 potentissimum
1115 4318 1193 4375 tum
1210 4311 1244 4374 in
1257 4310 1422 4375 Bohemia
1432 4312 1546 4375 virum
1562 4310 1769 4376 Guilelmum

328 4419 599 4504 Rosenbergium
620 4440 828 4503 ,supremum
847 4417 1051 4503 Pragensem
1073 4418 1341 4503 burggravium‘,
1364 4419 1420 4481 cui
1442 4418 1512 4482 iarn
1533 4426 1666 4502 septem
1689 4426 1770 4482 ante
1866 4462 1868 4465 -

327 4526 426 4589 annis
440 4527 659 4611 Argentorati
683 4547 724 4589 ex
736 4526 860 4589 scholis
886 4524 1025 4589 loannis
1049 4524 1191 4589 Sturmii
1215 4525 1444 4608 praeceptoris
1468 4525 1520 4588 sui
1545 4526 1770 4610 Hermogenis

329 4634 391 4707 ,De
411 4632 546 4697 dicendi
564 4633 744 4717 generibus
763 4633 834 4696 sive
854 4632 971 4696 formis
990 4633 1196 4696 orationum‘
1217 4632 1320 4696 libros
1340 4630 1430 4695 dono
1450 4632 1628 4715 dederat.⁴)
1652 4632 1770 4696 Etiam

328 4746 404 4803 tum
426 4740 456 4803 ei
478 4761 564 4824 opus
585 4748 659 4805 erat
681 4740 763 4803 viris
784 4760 864 4803 vere
887 4739 1144 4803 Maecenatibus
1166 4745 1200 4803 et
1222 4738 1352 4822 paratis
1375 4737 1419 4802 ad
1442 4739 1555 4822 ipsum
1578 4739 1770 4804 iuvandum

443 4944 463 5006 ¹)
488 4943 533 4994 De
554 4943 610 4994 hoc
631 4942 740 5001 libello,
760 4941 812 5010 qui
833 4941 944 4993 nostris
967 4940 1152 5009 temporibus
1173 4940 1204 4992 in
1226 4938 1416 4993 bibliothecis
1436 4940 1586 4993 rarissime
1607 4940 1771 5002 invenitur,

325 5031 428 5083 confer
446 5032 584 5091 Hanslik,
606 5031 785 5083 Geschichte
803 5046 831 5082 u.
852 5029 1078 5097 Beschreibung
1095 5029 1123 5081 d.
1144 5029 1231 5097 Prag.
1254 5028 1533 5082 Universitatsbibl.
1557 5029 1638 5095 1851,
1657 5044 1686 5099 p.
1708 5030 1771 5095 560.

440 5121 461 5187 ²)
484 5120 529 5173 cf.
554 5110 647 5172 Ceslre
670 5135 808 5171 museum
830 5118 1000 5187 filologicke
1026 5119 1086 5181 lv,
1112 5120 1169 5184 469
1192 5134 1235 5187 sq.
1249 5125 1279 5169 et
1303 5118 1403 5171 Ottdv
1426 5118 1555 5187 Naucny
1579 5117 1704 5170 Slovnik
1725 5118 1752 5169 V
1756 5158 1772 5179 .,

330 5225 373 5272 14.
394 5209 460 5273 478-

441 5299 460 5363 ³)
486 5298 627 5357 ,Illustris
645 5306 677 5350 et
695 5296 998 5365 generosusCarolus
1017 5297 1097 5348 Baro
1115 5313 1134 5348 a
1152 5295 1322 5348 Waldstein
1340 5295 1371 5347 in
1392 5295 1514 5347 Polidan
1534 5296 1562 5348 S.
1583 5294 1613 5347 C.
1634 5296 1674 5348 M.
1695 5295 1773 5346 Con-

324 5386 464 5451 siliarius‘
485 5387 619 5439 animam
638 5386 758 5439 elssavit
778 5387 892 5454 Pragae
916 5387 957 5438 18.
979 5386 1027 5438 die
1046 5386 1107 5437 Mai
1126 5402 1152 5438 a.
1179 5386 1259 5451 1604.
1280 5385 1360 5437 Mitt.
1382 5385 1411 5437 d.
1430 5385 1497 5437 Ver.
1518 5383 1538 5437 l.
1560 5384 1588 5436 d.
1612 5383 1718 5437 Gesch.
1741 5384 1769 5436 d.

326 5476 499 5529 Deutschen
520 5475 538 5529 i.
561 5476 699 5528 Bbhmen
720 5476 787 5539 xl,
812 5492 841 5544 p.
865 5489 929 5542 254.

439 5567 460 5633 ⁴)
484 5566 528 5618 cf.
550 5565 687 5626 Truhlai,
711 5554 741 5618 C.
763 5581 803 5617 m.
826 5564 846 5617 l.
868 5566 886 5616 l.
909 5580 945 5627 c.,
966 5580 995 5633 p.
1017 5565 1081 5633 463.

1647 5668 1659 5718 l
