4617 6575
354 957 469 1022 reddit
488 958 692 1041 scriptionis,
714 967 789 1022 tum
809 958 882 1023 eius
901 967 1143 1045 argumentum
1163 959 1295 1036 recitat,
1317 967 1395 1044 post
1415 980 1578 1043 personas
1596 961 1792 1038 constituit,

352 1064 474 1128 deinde
498 1059 668 1143 ἀπόδειξις
692 1117 700 1141 ,
720 1064 755 1128 id
773 1071 826 1129 est
843 1067 1022 1131 contentio
1040 1073 1101 1131 aut
1120 1087 1292 1131 sermones
1310 1066 1505 1132 Academici
1523 1067 1794 1133 clarissimorum

346 1170 479 1234 civium
506 1171 742 1236 Romanorum
769 1172 811 1236 de
837 1173 997 1237 universa
1024 1174 1110 1237 bene
1138 1173 1272 1238 dicendi
1299 1174 1431 1238 ratione
1459 1181 1494 1238 et
1522 1173 1711 1258 disciplina,
1750 1177 1795 1239 ad

347 1283 542 1342 extremum
572 1277 755 1356 conclusio,
788 1279 824 1343 in
853 1300 923 1363 qua
956 1286 1007 1344 est
1039 1299 1265 1363 personarum
1295 1301 1336 1344 ex
1369 1280 1533 1345 acerrima
1572 1282 1794 1346 contentione

348 1383 462 1448 amica
485 1383 654 1449 discessio.
1103 1429 1107 1434 -
1471 1383 1479 1399 ¹

461 1490 649 1576 Postquam
663 1490 767 1577 igitur
781 1493 907 1557 author
921 1500 1038 1557 noster
1051 1493 1087 1558 in
1102 1493 1241 1558 exordio
1257 1493 1357 1558 huius
1371 1493 1450 1558 libri
1464 1514 1585 1558 causas
1600 1494 1794 1578 scriptionis

351 1596 519 1661 indicavit
535 1598 763 1682 recitavitque
795 1599 1040 1683 disputationis
1056 1600 1194 1664 futurae
1211 1608 1453 1686 argumentum
1469 1607 1504 1664 et
1520 1601 1794 1686 magnitudinem

351 1703 577 1788 Eloquentiae
606 1705 783 1781 indicauit,
814 1712 891 1770 tum
919 1706 1030 1792 fingit,
1058 1707 1233 1791 quomodo
1263 1707 1299 1771 L.
1332 1707 1471 1772 Crassus
1500 1707 1571 1771 exit
1600 1708 1684 1771 urbe
1712 1729 1792 1772 cum

350 1830 467 1891 socero
493 1810 658 1875 Scaevola
683 1818 717 1876 et
743 1813 896 1877 eiusdem
920 1813 954 1877 in
981 1813 1173 1896 Republica
1197 1814 1288 1878 socio
1314 1815 1357 1877 M.
1385 1813 1546 1891 Antonio,
1577 1834 1663 1898 quos
1687 1815 1794 1879 etiam

349 1916 419 1981 duo
439 1918 723 2002 comitabantur1)
748 1919 981 1984 adolescentes
1002 1920 1106 1984 Cotta
1126 1928 1161 1985 et
1185 1920 1364 2004 Sulpicius
1384 1919 1524 2005 quando
1547 1921 1590 1984 M.
1616 1921 1793 2005 Philippus

349 2024 471 2088 consul
498 2045 579 2088 curn
607 2025 705 2089 Livio
733 2030 848 2092 Druso
876 2027 1017 2091 tribuno
1045 2027 1155 2111 plebis
1183 2027 1383 2103 dissidebat,
1414 2033 1452 2092 ut
1482 2026 1644 2091 nimirum
1673 2027 1793 2092 diebus

352 2129 538 2216 ludorumt)
581 2132 827 2206 Romanorum,
852 2154 921 2217 quo
947 2140 1102 2217 tempore
1128 2134 1239 2198 otium
1265 2154 1286 2198 a
1313 2134 1503 2217 Republica
1527 2134 1791 2208 concedebatur,

347 2257 421 2301 sese
457 2237 670 2322 aliquamdiu
704 2240 739 2303 in
763 2239 981 2323 Tusculan0³)
1008 2248 1210 2305 recrearent.
1263 2241 1331 2304 Ubi
1354 2249 1539 2325 postquam
1562 2242 1626 2304 sub
1650 2241 1792 2325 platano

347 2344 583 2408 consedissent
602 2344 638 2408 in
657 2347 790 2421 umbra,
817 2346 902 2431 quia
928 2347 977 2411 sol
1006 2356 1079 2411 erat
1109 2347 1220 2412 adhuc
1251 2347 1499 2431 propemodum
1527 2348 1562 2411 in
1591 2346 1791 2423 meridiano,

349 2457 493 2535 urgente
520 2451 557 2515 id
584 2452 748 2517 Scaevola
775 2453 969 2538 podagrico,
999 2454 1102 2538 paulo
1129 2460 1208 2537 post
1236 2455 1376 2518 Crassus
1403 2475 1593 2518 sermonem
1617 2455 1792 2540 quendam

349 2557 392 2620 de
418 2558 536 2622 studio
562 2558 698 2623 dicendi
724 2560 841 2624 iniecit
867 2568 1007 2643 sumpto
1033 2562 1105 2626 eius
1131 2561 1230 2625 initio
1257 2561 1301 2624 ab
1329 2560 1555 2645 Eloquentiae
1582 2561 1793 2645 amplissima

349 2671 382 2727 et
423 2663 699 2746 splendidissima
737 2667 1046 2743 commendatione,
1084 2667 1183 2752 quasi
1225 2668 1306 2730 haec
1358 2668 1519 2731 civitates
1568 2667 1789 2732 condidisset:

349 2771 505 2835 omnium
530 2772 789 2856 disciplinarum
803 2794 875 2837 esse
891 2775 1053 2859 reginam,
1079 2774 1248 2859 siquidem
1273 2793 1336 2838 sua
1360 2773 1526 2838 facultate
1551 2794 1668 2838 omnes
1694 2775 1792 2839 disci-

350 2875 462 2958 plinas
486 2878 748 2962 complectatur.
778 2880 851 2944 Hoc
877 2901 958 2944 curn
982 2881 1033 2946 ita
1058 2882 1113 2957 sit,
1140 2881 1284 2964 perfecti
1310 2881 1454 2945 oratoris
1489 2880 1722 2945 moderatione
1757 2889 1791 2945 et

348 2984 519 3065 sapientia
567 2987 674 3049 totius
708 2987 931 3070 Reipublicae
963 2988 1111 3052 salutem
1141 2988 1321 3064 contineri,
1356 2996 1581 3072 posteaquam
1614 2987 1667 3051 hic
1701 2988 1792 3052 solus

337 3089 391 3178 ,de
417 3092 577 3156 omnibus
600 3094 703 3157 rebus
726 3094 873 3157 scienter
896 3102 930 3157 et
956 3101 1075 3159 ornate
1099 3101 1215 3178 potest
1241 3094 1363 3158 dicere:
1390 3095 1482 3158 solus
1506 3094 1651 3159 dicendo
1676 3100 1791 3158 tenere

348 3196 530 3262 hominum
556 3208 689 3264 coetus:
719 3200 812 3264 solus
841 3201 958 3283 populi
987 3202 1151 3266 iudicium
1179 3207 1213 3264 et
1243 3207 1384 3264 senatus
1410 3208 1610 3266 convertere
1639 3210 1792 3266 mentem

347 3305 516 3382 oratione,
542 3315 577 3371 et
603 3308 665 3371 hac
691 3307 772 3372 dare
797 3308 938 3372 afflictis
962 3309 1120 3385 salutem,
1147 3308 1317 3391 dispersos
1341 3310 1496 3373 homines
1519 3310 1554 3373 in
1579 3329 1687 3373 unum
1712 3330 1791 3373 con-

348 3431 488 3496 gregare
519 3420 554 3477 et
586 3414 631 3477 ad
662 3414 916 3478 humanitatem
948 3416 1136 3480 instituere.
1169 3416 1296 3479 Verum
1327 3415 1494 3479 eiusmodi
1523 3416 1790 3491 commendatio,

344 3518 429 3601 quia
450 3519 607 3602 profecta
630 3521 815 3585 videbatur
837 3521 945 3605 magis
968 3542 1009 3585 ex
1032 3522 1163 3586 affectu
1186 3522 1291 3585 animi
1313 3522 1424 3586 Crassi
1447 3543 1525 3607 erga
1549 3522 1791 3606 Eloquentiam

346 3645 453 3707 quam
471 3647 513 3690 ex
528 3627 575 3691 rei
589 3628 748 3705 veritate,
768 3628 865 3691 cuius
883 3628 1051 3691 cancellos
1070 3629 1168 3713 longe
1188 3636 1276 3692 esset
1297 3636 1517 3713 transgressa,
1538 3629 1615 3692 ideo
1632 3630 1671 3713 Q.
1695 3630 1792 3694 Scae-

349 3731 430 3795 vola
452 3732 500 3796 illi
521 3734 739 3809 contradicit,
764 3735 798 3797 in
821 3736 980 3799 omnibus
1002 3755 1108 3819 prope
1143 3736 1300 3819 partibus
1334 3743 1472 3800 secutus
1495 3736 1690 3819 opinionem
1712 3736 1791 3800 Car-

349 3837 476 3915 neadis,
503 3841 716 3916 Clitomachi,
732 3842 919 3916 Aeschinis,
936 3841 1147 3926 Metrodori⁴l
1175 3850 1209 3905 et
1232 3842 1285 3905 his
1308 3841 1470 3906 similium
1494 3842 1789 3925 Philosophorum,

346 3945 566 4030 ostenditque
589 3969 631 4011 ex
650 3947 832 4012 effectibus
856 3955 958 4032 atque
982 3948 1154 4013 adiunctis
1177 3949 1422 4032 Eloquentiam
1455 3970 1525 4013 non
1557 3968 1629 4013 esse
1651 3969 1791 4013 causam

346 4051 458 4115 civilis
487 4053 662 4117 societatis
692 4075 802 4139 neque
832 4055 978 4139 reliquas
1008 4055 1215 4139 disciplinas
1244 4075 1391 4139 quarum
1421 4056 1583 4120 authores
1613 4063 1791 4121 enumerat

346 4163 382 4220 et
411 4159 483 4223 vim
513 4166 617 4245 atque
646 4161 802 4226 officium
831 4161 991 4245 explicat,
1021 4164 1085 4225 sub
1114 4183 1149 4227 se
1177 4162 1369 4244 complecti.
1411 4162 1500 4226 Huic
1540 4163 1792 4245 reprehensioni

348 4264 500 4330 vicissim
524 4268 664 4332 Crassus
689 4267 872 4352 respondet
912 4268 1013 4341 valde
1036 4270 1183 4353 copiose,
1221 4268 1270 4333 ita
1295 4276 1413 4332 tamen
1438 4275 1558 4353 argute
1583 4275 1688 4354 atque
1712 4271 1791 4333 sub-

348 4370 465 4449 tiliter,
487 4379 539 4449 ut,
562 4375 687 4438 iudicio
708 4376 815 4458 ipsius
837 4375 1030 4451 Scaevolae,
1054 4383 1088 4439 et
1107 4397 1148 4439 ea
1161 4375 1398 4459 confiteatur&
1422 4396 1484 4459 pro
1506 4376 1605 4452 veris,
1626 4396 1715 4461 quae
1737 4377 1790 4439 hic

347 4478 486 4544 Oratori
502 4481 718 4556 detrahebat,
736 4488 771 4545 et
787 4502 924 4546 rursum
938 4482 1021 4546 haec
1038 4482 1112 4566 ipsa
1127 4482 1213 4546 mira
1229 4481 1430 4565 disputandi
1444 4482 1577 4547 ratione
1605 4482 1640 4546 in
1655 4490 1791 4565 partem

347 4584 493 4650 alteram
511 4594 687 4673 retorquet
707 4609 814 4672 eaque
833 4590 970 4654 Oratori
989 4589 1095 4653 tradit
1114 4590 1211 4653 velut
1230 4588 1368 4672 propria
1385 4610 1495 4673 neque
1514 4588 1650 4653 aliunde
1669 4596 1791 4654 mutuo

347 4699 502 4776 accepta.

459 4800 535 4865 Etsi
549 4802 642 4865 enim
650 4802 832 4887 distinguit
842 4804 1022 4867 scientiam
1035 4804 1180 4868 aliarum
1194 4804 1321 4867 artium
1335 4803 1379 4866 ab
1393 4802 1611 4887 Eloquentia,
1623 4802 1792 4887 siquidem

347 4905 614 4984 discriminatae,
645 4930 715 4972 non
744 4909 907 4973 confusae
937 4910 1027 4973 inter
1056 4932 1092 4974 se
1111 4911 1180 4975 sint
1211 4916 1301 4974 artes
1330 4910 1432 4973 certis
1462 4909 1641 4973 limitibus:
1674 4917 1791 4975 tamen

465 5126 486 5193 ¹)
509 5127 582 5183 Cod.
604 5127 887 5181 committabantur.

462 5215 482 5283 ²)
507 5215 599 5269 Haud
622 5216 712 5268 dubie
733 5233 770 5269 ex
794 5224 878 5270 textu
900 5216 1101 5271 Ciceroneano
1123 5218 1218 5271 verba
1239 5216 1406 5287 supplenda
1428 5222 1511 5269 sunt:
1526 5216 1626 5270 diebus
1648 5217 1793 5271 ludorum.

346 5300 393 5353 Cf.
416 5303 453 5355 de
474 5313 550 5358 orat.
577 5306 611 5367 1,
633 5320 661 5372 7,
683 5321 729 5371 24.

464 5394 484 5460 ⁸)
506 5393 580 5445 Cod.
601 5394 633 5445 in
653 5394 854 5448 Thusculano

463 5482 484 5549 ⁴)
507 5482 579 5535 Cod.
601 5484 785 5537 Metrodorii.

425 5577 429 5592 ²
467 5575 487 5643 ι)
509 5575 581 5629 Cod.
603 5575 809 5630 confiteretur.
