4617 6575
1144 749 1181 802 26

442 970 539 1036 aliud
562 971 597 1034 in
620 973 683 1035 hac
708 972 1003 1036 commentatione
1027 971 1193 1056 spectavi,
1224 971 1288 1036 nisi
1319 979 1359 1036 ut
1383 979 1423 1036 tu
1453 993 1543 1036 esses
1571 973 1694 1038 horum
1722 973 1887 1038 libroruin

442 1078 550 1142 lector
579 1078 717 1142 sedulus
747 1085 851 1163 atque
882 1078 1077 1142 fructuosus
1107 1086 1153 1154 et,
1187 1085 1226 1143 ut
1257 1087 1306 1154 tu,
1339 1078 1524 1163 aliquando
1553 1077 1611 1143 alii
1653 1079 1887 1144 adolescentes

442 1185 584 1261 nobiles,
598 1185 658 1270 qui
671 1185 717 1248 ad
731 1185 996 1269 Rempublicam
1008 1185 1195 1270 gerendam
1220 1193 1389 1260 crescunt,
1418 1186 1463 1250 ad
1477 1206 1595 1252 eorum
1621 1186 1804 1250 lectionem
1832 1208 1886 1251 ex-

443 1293 650 1356 citarentur.
664 1292 872 1377 Quanquam
893 1300 1011 1357 autern
1032 1312 1156 1376 parurn
1177 1293 1232 1356 vel
1252 1293 1359 1358 etiam
1380 1292 1465 1356 nihil
1485 1293 1654 1377 praestiti,
1678 1299 1795 1358 tamen
1818 1314 1886 1358 non

442 1399 583 1463 omnino
606 1398 690 1462 nihil
712 1399 775 1483 egi.
801 1398 892 1462 Nam
914 1406 953 1463 ut
975 1399 1127 1463 cuiusvis
1157 1420 1227 1464 non
1250 1406 1311 1476 est,
1336 1399 1396 1463 sed
1418 1407 1469 1464 est
1494 1401 1636 1465 artificis
1658 1407 1816 1464 centrum
1838 1400 1887 1464 in-

442 1506 559 1570 venire
587 1505 622 1570 in
649 1506 776 1569 circulo
803 1506 859 1569 vel
886 1505 1127 1590 collineand01)
1160 1507 1310 1570 medium
1338 1507 1374 1570 in
1401 1526 1504 1592 scopo
1532 1507 1710 1592 attingere,
1742 1508 1791 1570 ita
1819 1527 1887 1572 non

319 1614 323 1620 ’
443 1613 594 1677 cuiusvis
622 1620 673 1677 est
702 1633 812 1698 neque
831 1620 883 1677 est
903 1614 1002 1697 parvi
1020 1614 1076 1677 vel
1096 1613 1261 1697 temporis
1279 1613 1335 1678 vel
1354 1614 1490 1689 laboris,
1512 1633 1684 1678 summam
1704 1622 1764 1678 aut
1786 1634 1884 1699 argu-

444 1727 601 1783 mentum
623 1719 766 1784 alicuius
787 1719 865 1783 libri
886 1719 1053 1805 colligere,
1078 1727 1116 1784 ut
1139 1741 1181 1784 ex
1203 1741 1243 1785 eo
1264 1720 1467 1785 institutum
1488 1728 1523 1785 et
1543 1719 1642 1806 quasi
1664 1741 1761 1785 mens
1783 1728 1887 1805 atque

443 1827 606 1891 voluntas
623 1827 777 1891 authoris
794 1827 1003 1911 percipiatur
1020 1835 1055 1891 et
1072 1827 1117 1890 ad
1131 1828 1227 1912 quod
1243 1828 1369 1903 omnia,
1394 1848 1483 1912 quae
1513 1827 1547 1892 in
1577 1827 1636 1893 illo
1652 1827 1885 1900 continentur,

443 1933 575 2016 possint
601 1933 763 1997 revocari.
796 1933 873 1996 Alia
906 1934 1039 1998 ratione
1072 1942 1153 1999 sunt
1179 1934 1372 1999 evolvenda
1407 1941 1565 1998 veterum
1603 1934 1887 2019 Philosophorum

440 2049 479 2108 et
500 2041 686 2106 Oratorum
706 2040 845 2123 scripta,
864 2061 971 2125 quarn
991 2040 1092 2105 hodie
1111 2042 1237 2126 vulgus
1257 2041 1470 2105 eruditorum
1491 2042 1601 2106 lacere
1621 2041 1719 2117 solet,
1737 2061 1886 2127 quorum

444 2147 545 2211 multi
568 2147 741 2231 praeclare
763 2167 798 2210 se
821 2147 970 2230 aliquem
993 2148 1174 2212 authorem
1198 2147 1385 2232 intelligere
1407 2155 1546 2231 putant,
1570 2147 1598 2212 si
1621 2148 1693 2212 eius
1712 2148 1886 2232 quaedam

442 2255 561 2328 verba,
602 2254 733 2338 aliquot
765 2255 965 2330 sententias,
998 2254 1168 2332 historias,
1210 2255 1346 2319 tabulas
1377 2262 1412 2318 et
1443 2255 1496 2319 his
1527 2255 1650 2319 similia
1682 2255 1886 2331 didicerunt,

438 2381 531 2444 quae
563 2368 679 2424 tamen
711 2360 824 2445 magis.
839 2360 884 2424 ad
903 2361 1145 2426 delectandum
1161 2383 1268 2448 quarn
1287 2362 1481 2426 docendum
1498 2362 1661 2426 lectorem
1679 2362 1889 2426 adhibentur

442 2488 465 2531 a
484 2467 719 2551 scriptoribus
742 2467 849 2552 Atqui
869 2468 944 2542 hoc,
967 2476 1007 2532 ut
1027 2475 1079 2532 est
1099 2469 1238 2552 puerile,
1260 2469 1310 2533 ita
1329 2489 1398 2533 non
1419 2469 1569 2533 multum
1602 2469 1727 2533 laboris
1747 2469 1888 2552 requirit

444 2574 502 2638 vel
522 2573 687 2657 temporis
709 2579 744 2645 et
765 2558 892 2639 idcirco
913 2594 982 2639 non
1004 2576 1155 2640 multum
1177 2576 1283 2640 etiarn
1305 2576 1491 2640 lectoribus
1525 2575 1657 2640 adferre
1688 2575 1774 2641 solet
1797 2575 1888 2640 utili-

445 2680 539 2745 tatis.
568 2681 696 2745 Verum
727 2686 777 2757 tu,
809 2681 937 2758 Carole,
969 2682 997 2746 si
1024 2703 1129 2767 quern
1158 2683 1340 2747 authorem
1369 2683 1425 2746 vel
1454 2683 1671 2747 mediocriter
1701 2681 1888 2767 intelligere

444 2787 603 2862 volueris,
643 2794 791 2871 oportet,
829 2796 870 2853 ut
907 2809 987 2852 eum
1016 2789 1115 2854 initio
1144 2796 1260 2854 toturn
1287 2789 1442 2854 celeriter
1470 2809 1647 2872 percurras
1688 2798 1722 2853 et
1764 2788 1888 2852 saltem

445 2894 629 2978 praecipua
644 2894 761 2978 capita
779 2895 843 2959 tibi
869 2902 978 2972 notes,
997 2897 1180 2982 exquibus
1197 2897 1272 2972 hoc,
1291 2896 1418 2983 dequo
1436 2895 1578 2981 agimus,
1597 2897 1669 2960 sive
1687 2896 1888 2960 institutum

441 3001 516 3065 sive
546 3009 789 3086 argumentum
818 3022 934 3067 eruere
964 3003 1083 3087 possis,
1115 3003 1256 3068 demum
1285 3003 1320 3067 in
1351 3003 1476 3067 iterata
1506 3003 1651 3067 lectione
1681 3003 1815 3087 singula
1834 3023 1888 3066 ex·

442 3108 615 3172 aminabis
633 3116 668 3172 et
687 3115 890 3192 argumenta
908 3109 980 3173 sive
1000 3109 1144 3173 docendi
1163 3110 1235 3173 sive
1254 3109 1428 3174 refellendi
1456 3110 1567 3194 gratia
1594 3109 1752 3175 adhibita
1779 3129 1885 3186 erues

444 3220 522 3279 tum
540 3214 660 3279 eadem
679 3215 724 3279 ad
742 3236 805 3279 sua
823 3215 939 3301 capita
958 3223 992 3280 et
1011 3216 1075 3281 hoc
1095 3217 1140 3281 ad
1158 3217 1374 3302 propositum
1392 3217 1583 3281 universale
1603 3217 1789 3281 revocabis.
1812 3217 1886 3280 Hoc

443 3322 474 3385 si
495 3322 529 3386 in
550 3344 619 3386 uno
639 3324 783 3387 authore
803 3323 856 3387 bis
876 3330 973 3388 terve
993 3323 1122 3399 leceris,
1144 3324 1222 3408 plus
1242 3324 1320 3388 inde
1340 3324 1541 3389 enrdltionis
1561 3326 1762 3408 reportabis,
1781 3344 1886 3408 quam
1979 3365 1981 3369 .

445 3450 486 3493 ex
509 3429 641 3514 magnis
662 3429 928 3495 commentariis
952 3430 1052 3515 Quod
1074 3437 1191 3495 tamen
1214 3452 1282 3496 non
1304 3431 1356 3496 ita
1378 3430 1509 3495 dictum
1531 3431 1645 3507 velim,
1665 3432 1765 3516 quasi
1786 3431 1887 3515 plane

445 3535 584 3599 inutiles
603 3536 796 3600 existimem
815 3557 886 3600 esse
905 3538 1180 3614 commentarios,
1202 3538 1403 3622 praesertim
1421 3538 1573 3602 virorum
1593 3538 1884 3602 doctissimorum:

446 3643 510 3707 hoc
531 3643 622 3706 enim
641 3650 676 3707 et
695 3643 854 3708 insanum
874 3652 908 3707 et
927 3644 1029 3708 valde
1048 3665 1210 3729 arrogans
1229 3652 1329 3709 esset:
1350 3664 1472 3709 verum
1491 3652 1531 3708 ut
1550 3652 1672 3709 notum
1691 3645 1735 3708 sit
1757 3652 1887 3708 rectam

444 3749 616 3813 rationem
642 3750 794 3814 discendi
819 3751 853 3813 in
880 3750 1044 3815 methodo
1069 3759 1104 3815 et
1129 3752 1391 3817 ratiocinatione
1416 3751 1611 3827 consistere,
1635 3772 1724 3837 quae
1758 3751 1827 3815 duo
1853 3751 1886 3815 in

445 3876 502 3920 ore
521 3857 652 3921 habent
670 3857 920 3941 propemodum
938 3878 1067 3935 omnes,
1087 3879 1156 3922 non
1175 3879 1293 3923 omnes
1310 3866 1429 3922 tamen
1447 3858 1519 3922 vim
1539 3879 1656 3922 eorum
1675 3858 1883 3943 intelligunt.

442 3962 512 4027 Sed
536 3964 619 4027 haec
644 3971 726 4028 sunt
751 3963 891 4028 alterius
916 3962 1042 4029 loci'et
1067 3966 1242 4049 temporis,
1266 3986 1356 4052 quae
1382 3972 1420 4030 tu
1446 3984 1554 4049 parvo
1579 3965 1695 4030 labore
1720 3986 1741 4029 a
1766 3965 1887 4029 Crasso

442 4078 479 4133 et
499 4070 544 4133 ab
564 4070 716 4134 Antonio
744 4074 936 4154 cognosces.
968 4072 1098 4156 Quodsi
1117 4079 1151 4136 et
1172 4093 1234 4156 ego
1254 4072 1384 4157 aliquid
1404 4073 1497 4157 apud
1517 4080 1551 4136 te
1571 4092 1706 4156 possem
1726 4072 1780 4135 vel
1800 4072 1828 4135 si
1848 4078 1887 4135 tu

444 4197 558 4240 meam
575 4177 761 4262 requireres
778 4178 997 4253 sententiam,
1017 4185 1093 4241 turn
1112 4200 1174 4264 ego
1193 4179 1286 4243 aliud
1305 4179 1369 4243 tibi
1387 4200 1456 4243 non
1474 4179 1725 4263 responderem,
1754 4179 1818 4242 nisi
1845 4184 1883 4242 ut

443 4283 527 4346 haec
554 4284 624 4347 duo
648 4283 840 4348 consideres
864 4284 899 4347 in
924 4285 1068 4376 legendo
1093 4292 1128 4349 et
1153 4286 1346 4351 scribendo:
1373 4286 1495 4370 QUID
1521 4293 1555 4350 et
1579 4285 1810 4370 QUOMODO
1837 4285 1887 4349 di-

445 4397 546 4454 catur
563 4390 618 4453 vel
636 4390 814 4455 scribatur.
836 4390 927 4454 Nam
944 4391 1029 4456 illud
1047 4392 1195 4457 duorum
1230 4400 1264 4457 te
1283 4393 1494 4469 admonebit,
1510 4393 1604 4477 quod
1623 4393 1787 4456 nimirum
1805 4412 1887 4455 vera

442 4516 517 4560 esse
538 4496 665 4561 debent
687 4503 721 4561 et
743 4497 788 4562 ad
809 4498 1023 4575 institutum,
1047 4499 1088 4564 de
1107 4521 1177 4585 quo
1198 4500 1322 4585 agitur,
1344 4498 1567 4584 pertinentia;
1589 4500 1652 4563 hoc
1675 4499 1795 4563 itidem
1818 4498 1887 4562 duo

445 4603 479 4666 in
489 4624 525 4667 se
534 4604 807 4688 comprehendit:
820 4604 976 4669 ordinem
991 4605 1025 4669 in
1040 4606 1264 4671 collocatione
1280 4612 1314 4670 et
1328 4606 1611 4690 perspicuitatem
1632 4606 1666 4669 in
1681 4606 1884 4669 elocutione.

446 4710 581 4774 Horum
606 4711 803 4774 observatio
829 4710 864 4775 in
890 4711 1037 4775 literatis
1063 4712 1287 4796 scriptoribus
1313 4733 1382 4778 non
1408 4719 1458 4777 est
1487 4712 1649 4789 difficilis;
1676 4712 1710 4775 in
1729 4712 1887 4775 omnibus

444 4823 562 4881 tamen
586 4817 652 4881 ista
674 4838 754 4881 cum
777 4818 1041 4902 intelligentiam
1054 4826 1131 4882 tum
1143 4818 1345 4883 memoriam
1368 4819 1510 4883 mirifice
1533 4819 1711 4883 adiuvant.
1736 4818 1784 4882 At
1803 4816 1888 4905 quid

442 4944 507 5008 ego
530 4924 612 4989 haec
637 4924 681 4987 ad
704 4931 749 4999 te,
771 4925 832 5009 qui
854 4924 889 4988 in
915 4925 1099 4989 Germania
1121 4926 1243 5009 primu,
1267 4932 1345 5009 post
1369 4925 1404 4989 in
1430 4925 1550 4999 Gallia,
1574 4926 1619 4989 ad
1638 4933 1830 4990 extremum
1853 4924 1888 4987 in

448 5030 551 5093 ltalia
578 5031 892 5115 praestantissimos
919 5031 1073 5096 habuisti
1099 5032 1297 5117 magistros?
1326 5032 1426 5097 Volui
1468 5038 1584 5096 tamen
1612 5041 1646 5096 et
1675 5032 1748 5097 istis
1788 5030 1887 5115 nugis

445 5157 558 5200 meam
581 5158 660 5221 erga
684 5144 719 5202 te
743 5138 915 5202 declarare
938 5139 1204 5204 observantiam.

552 5260 635 5325 Vale
658 5261 762 5346 igitur
785 5270 820 5327 et
843 5263 948 5339 salve,
975 5263 1065 5327 Baro
1091 5263 1270 5340 Generose,
1295 5285 1427 5350 meque,
1450 5264 1543 5349 quod
1568 5264 1660 5341 lacis,
1687 5284 1774 5327 arna.

1058 5422 1271 5489 FINIS.

560 5592 580 5656 ¹)
605 5587 678 5641 Cod.
700 5588 882 5644 collinando.
