4617 6575
1210 731 1227 781 6

498 961 534 1018 et
560 953 720 1018 veritatis
745 953 1009 1038 investigatione
1034 950 1111 1035 plus
1136 951 1302 1016 momenti
1328 953 1465 1029 habeat,
1491 951 1612 1036 QUID
1637 953 1811 1036 scripserit
1833 975 1942 1039 quam

496 1060 610 1145 QUIS
630 1059 813 1143 scripserit,
832 1080 980 1143 quorum
999 1059 1062 1122 hoc
1083 1059 1248 1134 authoris,
1269 1059 1355 1123 illud
1374 1065 1493 1123 autem
1521 1059 1686 1125 materiae
1717 1059 1784 1135 vel,
1818 1067 1858 1125 ut
1891 1061 1940 1125 lo-

495 1174 653 1252 quuntur
673 1167 707 1230 in
727 1165 862 1241 scholis,
883 1165 1029 1230 subiecti
1047 1165 1151 1230 index
1172 1172 1234 1243 est,
1257 1172 1374 1231 tamen
1389 1165 1494 1230 etiam
1509 1187 1529 1230 a
1547 1166 1744 1232 nominibus
1765 1166 1942 1232 artificum

496 1295 604 1357 opera
630 1272 967 1338 commendationem
994 1272 1105 1336 solent
1134 1272 1295 1356 accipere.
1330 1273 1453 1356 ltaque
1472 1274 1598 1337 author
1625 1273 1749 1338 horum
1775 1272 1940 1339 librorum

498 1389 561 1457 est,
584 1387 624 1445 ut
646 1379 799 1444 breviter
820 1379 944 1455 dicam,
968 1378 1244 1444 doctissimorum
1267 1385 1343 1444 tum
1365 1379 1530 1462 temporis
1553 1379 1790 1445 Romanorum
1810 1379 1940 1446 civium

497 1486 796 1572 eloquentissimus
820 1493 855 1550 et
879 1486 1113 1569 eloquentium
1138 1485 1355 1552 doctissimus
1380 1487 1514 1550 Marcus
1538 1485 1665 1562 Cicer0,
1688 1506 1776 1571 quos
1800 1487 1941 1553 demum

497 1614 601 1658 senex
619 1592 756 1676 scripsit
775 1593 977 1675 perfunctus
995 1591 1159 1658 nimirum
1178 1592 1213 1655 in
1232 1591 1475 1657 florentissima
1493 1593 1636 1657 civitate
1656 1593 1815 1659 omnibus
1833 1593 1940 1658 hono

497 1700 591 1764 ribus
621 1699 749 1783 diuque
779 1720 847 1776 coe,
878 1706 1067 1783 antequam
1096 1699 1297 1783 prodierunt
1333 1699 1368 1762 in
1397 1699 1519 1775 lucem,
1550 1699 1585 1763 in
1616 1700 1775 1766 manibus
1805 1701 1937 1777 habuit,

495 1805 791 1891 quemadmodum
821 1806 893 1890 ipse
922 1805 1111 1870 confitetur
1140 1805 1259 1870 Attico
1289 1804 1324 1869 in
1355 1806 1591 1889 Epistularum
1621 1805 1708 1870 libro
1742 1808 1811 1882 IV.,
1842 1807 1942 1872 cuius

497 1913 637 1979 initium
657 1921 722 1978 est:
745 1913 1023 1997 Occupationum
1043 1933 1199 1978 mearum
1220 1913 1310 1996 etc.)
1334 1919 1368 1976 et
1389 1911 1424 1975 in
1447 1912 1684 1994 Epistularum
1704 1912 1791 1977 libro
1812 1914 1936 1988 ΧΙΙΙ.,

497 2020 595 2084 cuius
615 2019 754 2084 initium
775 2027 839 2085 est:
862 2019 1089 2085 Commodum
1110 2018 1348 2102 discesserat,²)
1372 2039 1413 2082 ex
1424 2019 1550 2104 quibus
1562 2019 1644 2083 locis
1665 2019 1763 2084 facile
1784 2020 1940 2084 animad-

496 2136 621 2204 vertes,
631 2134 764 2210 quanto
773 2126 889 2191 studio
910 2133 1085 2210 quantave
1096 2125 1272 2211 diligentia
1282 2126 1344 2189 hos
1354 2125 1457 2189 libros
1467 2124 1649 2209 scripserit,
1661 2133 1700 2190 ut
1711 2127 1939 2192 necessarium

496 2254 565 2298 non
591 2233 636 2297 sit
662 2254 716 2298 me
742 2233 861 2297 multis
885 2233 1000 2297 verbis
1018 2234 1082 2297 hac
1103 2232 1146 2296 de
1171 2253 1206 2296 re
1226 2231 1397 2296 disserere.
1424 2232 1582 2296 Proiecto
1608 2239 1690 2296 sunt
1716 2233 1937 2318 magnificen-

497 2339 628 2404 tissime
651 2347 687 2404 et
710 2339 961 2425 elegantissime
983 2338 1112 2423 scripti.
1138 2339 1185 2403 Et
1206 2339 1500 2423 quemadmodum
1524 2337 1663 2402 Phidias
1685 2339 1721 2403 in
1751 2339 1939 2423 sculpendo

501 2446 585 2511 love
612 2446 816 2531 Olympiaco
843 2446 1041 2511 universam
1069 2453 1179 2510 artem
1208 2445 1317 2510 fertur
1344 2445 1558 2528 expressisse,
1589 2445 1639 2510 ita
1667 2452 1782 2510 noster
1810 2446 1935 2522 Cicer0,

494 2553 659 2638 quicquid
685 2553 808 2617 habuit
835 2553 1022 2629 doctrinae,
1061 2552 1287 2638 eloquentiae,
1314 2552 1499 2628 comitatis,
1539 2573 1621 2616 usus
1648 2560 1683 2617 et
1709 2553 1940 2636 experientiae

497 2659 608 2724 civilis
632 2666 738 2745 atque
763 2659 916 2737 forensis
942 2660 979 2724 id
1003 2667 1118 2724 totum
1142 2660 1178 2723 in
1203 2660 1304 2724 hosce
1329 2665 1398 2722 tres
1423 2679 1596 2723 sermones
1621 2659 1663 2722 de
1688 2660 1833 2724 Oratore
1857 2681 1938 2724 con·
1963 2724 1964 2727 ,

497 2767 589 2831 tulit.
617 2767 721 2850 Apud
750 2765 897 2831 Graecos
923 2767 1046 2831 tritum
1072 2773 1145 2831 erat
1172 2786 1327 2830 sermone
1353 2765 1585 2849 proverbium:
1618 2765 1737 2830 lovem
1759 2767 1787 2830 si
1810 2765 1938 2831 Graece

497 2872 545 2937 illi
573 2872 756 2938 dicendum
784 2881 884 2949 esset,
912 2894 981 2937 non
1009 2873 1076 2937 alio
1101 2893 1207 2957 quam
1236 2871 1389 2936 Platonis
1417 2892 1571 2936 sermone
1598 2892 1752 2950 usurum,
1783 2873 1881 2958 atqui
1907 2873 1935 2937 si

497 3000 730 3064 magnacum
756 2979 943 3045 maioribus
968 3000 1167 3063 comparare
1195 2979 1285 3055 licet,
1312 2979 1426 3042 verius
1453 2978 1613 3042 dicerem:
1647 2978 1775 3054 lovem,
1804 2980 1936 3044 sicum

496 3086 612 3171 aliquo
640 3087 682 3151 de
709 3087 811 3151 rebus
837 3086 1047 3172 gravissimis
1074 3106 1167 3150 more
1196 3085 1503 3169 Peripateticorum
1530 3085 1565 3149 in
1593 3093 1775 3170 utramque
1802 3093 1937 3169 partem

497 3194 659 3258 disserere
690 3193 805 3268 vellet,
839 3194 901 3257 hos
934 3200 1002 3257 tres
1034 3193 1204 3258 Ciceronis
1236 3192 1387 3277 dialogos
1420 3191 1648 3268 imitaturum,
1694 3193 1835 3277 quaudo
1871 3192 1937 3257 iuit

497 3301 660 3365 maiestas
688 3301 798 3366 maior
825 3300 954 3366 civium
984 3301 1220 3365 Romanorum
1248 3320 1329 3364 cum
1357 3299 1471 3364 verbis
1501 3306 1577 3364 tum
1615 3300 1650 3363 in
1692 3300 1793 3364 iactis
1831 3321 1937 3385 quam

499 3406 709 3472 Graecorum
741 3407 1014 3483 Atheniensium,
1044 3407 1104 3493 qui
1128 3406 1347 3471 benedicere
1380 3413 1529 3481 tantum,
1562 3406 1623 3470 sed
1654 3407 1743 3471 male
1775 3406 1936 3481 iudicare,

497 3514 594 3597 peius
617 3521 736 3580 autem
759 3513 870 3579 iacere
892 3515 1059 3579 solebant.
1083 3513 1325 3598 Quamobrem,
1352 3513 1379 3575 si
1400 3512 1484 3597 quid
1507 3520 1595 3577 esset
1613 3512 1649 3577 in
1665 3534 1730 3588 me,
1755 3513 1880 3579 author
1902 3521 1936 3578 et

497 3621 655 3685 hortator
678 3620 803 3686 vellem
828 3641 900 3685 esse
918 3621 1088 3695 omnibus,
1112 3620 1172 3704 qui
1190 3619 1245 3683 vel
1268 3620 1303 3684 in
1322 3620 1445 3683 scholis
1469 3628 1562 3683 recte
1586 3619 1707 3683 docere
1731 3620 1787 3684 vel
1811 3620 1847 3684 in
1873 3620 1937 3685 Re

496 3727 634 3811 publica
662 3748 743 3792 cum
771 3727 888 3792 fructu
917 3735 1022 3811 atque
1052 3727 1221 3812 dignitate
1250 3726 1380 3790 versari
1407 3726 1542 3801 volunt,
1574 3732 1613 3789 ut
1643 3726 1726 3790 istos
1768 3726 1938 3791 Ciceronis

497 3834 606 3899 nostri
634 3854 807 3899 sermones
835 3842 1004 3899 nocturna
1033 3833 1223 3918 diurnaque
1252 3854 1358 3897 manu
1386 3833 1560 3897 evolvant.
1593 3832 1663 3896 Nec
1692 3832 1762 3897 scio
1790 3833 1937 3918 aliquem

498 3940 717 4024 poenituisse,
746 3941 841 4025 quod
870 3941 905 4005 in
934 3940 987 4005 his
1017 3940 1146 4026 aliquid
1175 3940 1311 4017 laboris,
1341 3960 1474 4023 operae,
1503 3938 1608 4003 studii
1638 3939 1695 4003 vel
1723 3938 1938 4005 mediocriter

497 4048 660 4129 posuerit.
681 4047 885 4131 Explicatur
904 4054 1021 4112 autem
1040 4048 1075 4112 in
1094 4047 1152 4122 eis,
1173 4067 1215 4111 ne
1234 4047 1377 4132 ignores,
1394 4046 1480 4131 quid
1498 4047 1562 4109 sub
1580 4066 1666 4110 voce
1684 4046 1840 4111 Oratoris
1857 4066 1937 4111 con-

498 4154 661 4229 tineatur,
695 4154 864 4239 quidquid
898 4154 964 4217 viri
999 4154 1154 4219 omnium
1190 4152 1457 4238 eloquentissimi
1492 4152 1736 4237 clarissimique
1772 4152 1938 4217 senserint

497 4260 539 4324 de
568 4262 729 4324 universa
757 4261 844 4325 bene
873 4260 1009 4325 dicendi
1037 4248 1227 4343 disciplina,
1256 4260 1294 4344 Q.
1326 4260 1459 4324 Mucius
1489 4258 1662 4336 Scaevola,
1706 4261 1742 4324 L.
1786 4259 1936 4335 CrassuS,

498 4368 542 4430 M.
566 4366 738 4431 Antonius
759 4374 794 4432 et
821 4367 928 4432 Iulius
949 4368 1081 4433 Caesar.
1105 4367 1196 4432 Nam
1218 4366 1389 4450 inscripsit
1411 4386 1468 4431 eos
1489 4366 1531 4429 de
1553 4366 1708 4441 Oratore,
1735 4366 1818 4451 quia
1839 4365 1880 4430 de
1900 4366 1936 4429 vi

496 4494 556 4537 seu
578 4473 756 4550 facultate,
780 4475 822 4537 de
843 4474 969 4550 oiiicio,
991 4474 1181 4538 denatura
1202 4474 1273 4537 eius
1295 4473 1348 4538 hic
1371 4472 1566 4537 instituitur
1587 4472 1788 4557 disquisitio,
1812 4472 1936 4557 Scripti

496 4588 531 4643 et
556 4580 710 4665 evulgati
732 4588 815 4645 sunt
837 4580 1056 4664 potissimum
1079 4581 1114 4644 in
1138 4580 1287 4666 gratiam
1309 4581 1348 4665 Q.
1369 4578 1548 4656 Ciceronis
1563 4578 1623 4663 qui
1640 4580 1703 4643 hoc
1723 4579 1821 4643 unice
1846 4600 1866 4643 a
1891 4580 1934 4644 M.

496 4687 602 4751 fratre
623 4688 867 4763 contendebat,
889 4688 1058 4772 siquidem
1083 4688 1127 4751 ab
1149 4708 1189 4752 eo
1212 4688 1253 4751 de
1275 4688 1338 4751 hac
1361 4686 1506 4751 materia
1527 4686 1612 4750 nihil
1633 4685 1801 4751 eiusmodi
1823 4684 1935 4750 iuerat

497 4792 630 4859 editum
666 4801 802 4877 praeter
836 4795 1100 4859 commentarios
1122 4794 1292 4879 quosdam
1318 4814 1440 4877 eosque
1472 4793 1651 4857 inchoatos
1681 4800 1830 4869 tantum,
1867 4813 1937 4856 non

498 4900 668 4983 periectos
689 4909 735 4977 et,
754 4900 814 4986 qui
835 4901 988 4965 Ciceroni
1009 4900 1264 4966 adolescentulo
1284 4901 1339 4964 vel
1358 4921 1463 4984 puero
1484 4900 1592 4984 magis
1613 4898 1813 4965 exciderunt
1831 4920 1939 4984 quam

496 5007 540 5069 ab
566 5028 606 5071 eo
627 5013 709 5071 sunt
728 5007 857 5091 scripti,
882 5007 1008 5073 idcirco
1034 5008 1135 5091 plane
1162 5006 1293 5092 indigni
1318 5007 1504 5071 maturiore
1530 5012 1645 5071 aetate
1671 5014 1705 5069 et
1731 5006 1798 5071 isto
1823 5025 1937 5070 rerum

496 5134 571 5189 usu,
593 5134 698 5198 quem
721 5114 756 5178 in
780 5114 928 5199 gerenda
952 5114 1142 5198 Republica
1178 5121 1213 5178 et
1250 5136 1291 5178 ex
1325 5121 1377 5179 tot
1402 5114 1576 5197 tantisque
1609 5112 1799 5177 forensibus
1823 5111 1937 5196 dispu-

497 5220 688 5285 tationibus
706 5221 820 5286 iuerat
837 5229 1052 5286 consecutus.
1072 5221 1160 5305 Quia
1177 5240 1260 5285 vero
1277 5221 1426 5305 Quintus
1445 5222 1560 5285 Cicero
1591 5220 1624 5284 in
1644 5218 1937 5302 disputationibus

611 5476 631 5544 ¹)
654 5474 715 5529 Cic.
736 5474 865 5544 Epistul.
887 5477 927 5529 ad
947 5476 1040 5530 Attic.
1066 5477 1127 5539 IV„
1153 5478 1196 5539 16,
1219 5494 1244 5546 3.

610 5564 632 5633 ¹)
658 5563 737 5617 Ibid.
759 5564 869 5627 ΧΙΙΙ.,
893 5581 936 5631 19,
957 5582 984 5631 4.
