4617 6575
1219 677 1256 729 24

519 919 640 983 genere
661 897 914 963 exercitationis
933 906 1048 962 censet
1080 897 1324 974 adhibendam,
1351 920 1421 983 quo
1441 900 1592 983 plurium
1611 899 1646 962 in
1668 899 1813 964 dicendo
1833 900 1961 965 iudicia

517 1005 654 1091 cogitur
667 1005 844 1069 sustinere.
867 1005 957 1069 Nam
972 1013 1006 1069 et
1023 1005 1147 1090 vulgus
1163 1005 1361 1089 imperitum
1382 1005 1469 1070 vitia
1488 1006 1523 1069 in
1544 1027 1698 1070 sermone
1719 1015 1839 1071 notare
1859 1008 1960 1082 solet,

520 1112 592 1175 sive
604 1112 689 1196 quid
704 1111 863 1176 additum
878 1111 922 1176 sit
938 1112 1009 1176 sive
1025 1112 1244 1176 subtractum
1259 1113 1331 1176 sive
1346 1133 1415 1176 non
1430 1133 1493 1176 suo
1506 1113 1581 1178 loco
1597 1113 1760 1196 positum,
1776 1121 1960 1199 propterea

518 1218 612 1303 quod
626 1225 753 1282 natura
767 1219 852 1302 ipsa,
865 1238 954 1304 quae
968 1218 1133 1303 magistra
1147 1226 1200 1282 est
1215 1218 1342 1282 ordinis
1358 1227 1391 1282 et
1407 1219 1682 1302 pulchritudinis,
1698 1219 1779 1304 ipsis
1791 1220 1958 1306 quodam-

520 1325 623 1389 modo
648 1325 874 1400 demonstrat,
898 1325 982 1410 quid
1007 1333 1140 1390 rectum
1165 1326 1209 1389 sit
1235 1326 1289 1389 vel
1314 1326 1479 1389 vitiosum
1504 1333 1580 1390 tum
1605 1326 1639 1389 in
1665 1327 1857 1392 rationibus
1882 1337 1959 1392 tum

520 1432 554 1495 in
573 1441 656 1496 arte.
681 1433 721 1496 ln
739 1431 953 1496 conficienda
968 1431 1108 1516 quidem
1127 1431 1281 1496 oratione
1312 1433 1522 1516 permultum
1541 1433 1682 1498 interest
1701 1433 1791 1498 inter
1808 1435 1960 1518 peritum

518 1546 553 1603 et
583 1539 782 1624 imperitum
812 1539 895 1603 artis
925 1539 1070 1614 dicendi,
1101 1538 1135 1602 in
1166 1539 1348 1603 iudicando
1378 1545 1495 1602 autem
1525 1540 1675 1604 multum
1704 1561 1772 1604 non
1802 1541 1957 1616 interest,

514 1646 680 1731 quoniam
702 1646 882 1710 hominum
905 1646 1079 1710 mentibus
1102 1645 1250 1710 maxime
1274 1653 1354 1711 sunt
1378 1647 1516 1730 cognati
1540 1647 1672 1710 numeri
1695 1654 1729 1711 et
1754 1668 1864 1712 voces.
1892 1649 1957 1711 Hic

518 1752 624 1837 igitur
650 1752 772 1818 modus
799 1761 850 1817 est
878 1761 912 1817 et
940 1752 1051 1837 figura
1078 1760 1220 1818 ornatae
1248 1752 1420 1817 orationis.
1451 1753 1612 1837 Sequitur
1638 1753 1791 1819 eiusdem
1818 1755 1961 1819 habitus

518 1868 552 1924 et
579 1861 681 1935 color,
707 1881 812 1945 quern
839 1859 966 1923 dividit
994 1859 1134 1924 Crassus
1161 1859 1196 1942 in
1223 1881 1374 1944 gravem,
1403 1860 1564 1924 subtilem
1592 1869 1626 1924 et
1654 1860 1871 1937 mediocrem,
1897 1861 1957 1946 qui

518 1975 558 2030 ut
586 1966 829 2042 conficiuntur,
860 1967 910 2030 ita
941 1966 1105 2030 differunt
1136 1967 1226 2030 inter
1255 1987 1289 2029 se
1320 1967 1530 2031 ornamentis
1560 1975 1635 2031 tum
1665 1968 1850 2032 verborum
1880 1975 1956 2033 tum

517 2073 777 2149 sententiarum,
806 2094 896 2158 quae
925 2081 1103 2137 enumerat
1133 2080 1284 2148 tantum,
1315 2093 1384 2137 non
1414 2073 1572 2157 explicat,
1601 2075 1683 2159 quia
1713 2095 1781 2140 non
1812 2082 1885 2140 tam
1922 2075 1955 2139 in

518 2180 713 2264 cognitione
728 2201 833 2264 quarn
851 2180 967 2264 potius
984 2180 1019 2243 in
1037 2189 1131 2244 recto
1149 2201 1211 2244 usu
1230 2200 1347 2244 eorum
1364 2179 1417 2244 vis
1434 2180 1600 2246 consistit.
1623 2181 1687 2245 Hic
1706 2182 1797 2246 enim
1814 2182 1954 2247 demum

520 2294 571 2350 est
592 2288 704 2352 bonus
726 2288 861 2362 Orator,
882 2287 942 2372 qui
964 2287 1005 2351 de
1027 2288 1128 2351 rebus
1149 2288 1282 2371 magnis
1303 2287 1464 2372 graviter,
1487 2287 1529 2351 de
1550 2288 1666 2371 parvis
1696 2289 1879 2364 subtiliter,
1912 2289 1956 2352 de

520 2394 749 2458 mediocribus
766 2393 942 2458 moderate
960 2393 1070 2458 dicere
1087 2401 1122 2458 et
1138 2394 1174 2457 in
1192 2395 1351 2458 omnibus
1368 2393 1482 2458 decori
1498 2395 1668 2459 rationem
1685 2395 1811 2460 habere
1827 2403 1953 2480 potest.

628 2519 722 2582 Nihil
743 2517 835 2582 enim
856 2525 907 2582 est
928 2517 1111 2594 laudabile,
1131 2518 1225 2604 quod
1247 2525 1298 2582 est
1319 2518 1486 2601 ineptum.
1514 2519 1636 2604 ltaque
1659 2520 1790 2603 Aptum
1810 2521 1867 2584 vel
1889 2522 1956 2584 De·

518 2646 638 2690 corum
657 2645 764 2710 genus
783 2625 917 2688 dicendi
936 2625 1076 2689 Crassus
1095 2625 1197 2689 docet
1216 2625 1251 2689 in
1271 2645 1311 2688 eo
1329 2624 1547 2708 potissimum
1566 2625 1761 2702 consistere,
1784 2634 1824 2691 ut
1845 2627 1960 2691 oratio

516 2753 596 2796 curn
616 2733 762 2796 materia
783 2738 817 2796 et
839 2753 892 2796 res
913 2752 993 2796 cum
1012 2732 1127 2797 verbis
1162 2737 1416 2816 comparentur,
1439 2739 1643 2796 ornamenta
1663 2741 1703 2797 ut
1725 2733 1957 2798 adhibeantur

517 2838 601 2902 alias
631 2839 839 2914 contentius,
872 2838 956 2902 alias
988 2838 1171 2903 remissius:
1205 2839 1240 2902 in
1273 2839 1521 2903 attributorum
1553 2846 1672 2903 autem
1713 2841 1769 2904 vel
1811 2840 1957 2904 circum-

516 2945 724 3010 stantiarum
745 2946 983 3009 observatione
1004 2952 1088 3022 tam,
1108 2967 1197 3031 quae
1217 2966 1389 3030 personas,
1408 2966 1525 3030 quam,
1544 2966 1700 3030 quaeres
1717 2947 1957 3022 circumstant,

517 3059 556 3116 ut
580 3053 706 3118 Orator
727 3053 771 3116 sit
795 3053 1028 3117 benecautus
1051 3061 1085 3117 et
1109 3052 1269 3137 prudens.

627 3178 673 3240 Et
698 3177 781 3240 haec
807 3184 859 3241 est
883 3176 1061 3240 universae
1079 3176 1255 3240 doctrinae
1279 3176 1389 3240 Crassi
1409 3177 1451 3240 de
1465 3177 1667 3241 Elocutione
1691 3198 1837 3254 summa,
1860 3179 1960 3245 cuius

517 3283 721 3349 facultatem
746 3291 780 3348 et
806 3282 878 3347 vim
902 3282 936 3347 in
959 3292 1110 3369 quatuor
1133 3283 1323 3348 virtutibus
1348 3283 1512 3348 orationis
1536 3283 1663 3368 posuit:
1690 3284 1726 3349 in
1752 3285 1955 3361 Latinitate,

517 3391 552 3454 in
578 3390 837 3475 perspicuitate,
862 3391 895 3454 in
920 3391 1054 3456 Ornatu
1078 3399 1112 3454 et
1136 3390 1171 3454 in
1196 3391 1336 3455 Decoro.
1363 3390 1523 3475 Sequitur
1546 3390 1650 3476 igitur
1672 3392 1781 3456 altera
1804 3392 1957 3457 instituti

516 3498 617 3562 huius
643 3518 723 3581 pars
749 3498 860 3572 Actio,
884 3517 990 3581 quam
1016 3497 1114 3561 initio
1131 3498 1352 3562 commendat
1374 3497 1625 3573 Demosthenis
1654 3498 1831 3563 Aeschinis
1857 3507 1892 3563 et
1920 3500 1955 3563 C.

520 3604 665 3668 Gracchi
688 3613 764 3669 tum
786 3604 999 3669 authoritate
1021 3612 1097 3669 tum
1120 3604 1327 3680 testimonio,
1353 3604 1475 3668 deinde
1497 3625 1574 3668 eam
1596 3604 1722 3669 dividit
1745 3606 1778 3671 in
1800 3606 1961 3681 Vultum,

519 3710 664 3776 Gestum
680 3720 714 3775 et
731 3712 871 3786 Sonum,
894 3732 1042 3795 quorum
1066 3711 1113 3774 illi
1129 3711 1198 3775 duo
1214 3712 1404 3775 inserviunt
1420 3710 1619 3776 auditorum
1635 3712 1751 3788 oculis,
1768 3712 1822 3777 hic
1839 3720 1960 3778 autem

516 3817 563 3881 ad
585 3838 684 3882 aures
706 3839 824 3882 eorum
846 3819 1005 3903 pertinet.
1031 3817 1097 3882 Sed
1117 3818 1151 3882 in
1169 3818 1314 3882 dicendo
1335 3817 1459 3882 horum
1481 3818 1635 3881 omniurn
1658 3826 1711 3883 tot
1734 3819 1863 3884 debent
1886 3840 1959 3884 esse

519 3925 730 3989 mutationes
761 3934 864 4009 atque
895 3925 1092 3999 varietates,
1121 3933 1208 4009 quot
1240 3925 1345 3988 animi
1376 3932 1457 3989 sunt
1501 3925 1572 3989 sive
1616 3926 1842 4009 cogitationes
1886 3927 1958 3991 sive

520 4031 731 4107 affectiones,
750 4020 800 4096 ita
817 4040 856 4095 ut
874 4032 1014 4116 singulis
1031 4052 1132 4096 suum
1149 4032 1356 4096 adhibeatur
1373 4052 1480 4116 genus
1494 4032 1606 4107 VociS,
1623 4032 1748 4096 Vultus
1765 4042 1800 4097 et
1821 4033 1957 4097 Gestus.

630 4157 676 4221 Et
699 4178 769 4241 quo
794 4157 915 4220 melius
939 4157 992 4219 his
1017 4157 1068 4220 uti
1093 4158 1179 4221 sciat
1205 4156 1341 4231 Orator,
1367 4176 1407 4220 eo
1432 4157 1626 4220 accuratius
1651 4158 1863 4241 singulorum
1887 4159 1959 4221 vim

519 4264 678 4347 explicat.
702 4263 855 4327 Primum
876 4272 993 4327 autem
1012 4283 1137 4327 vocum
1158 4264 1324 4327 dictiones
1343 4264 1529 4339 examinat,
1547 4284 1694 4347 quarum
1713 4285 1792 4347 pars
1812 4265 1961 4329 sumitur

518 4391 559 4435 ex
574 4370 784 4454 quantitate,
804 4377 843 4434 ut
861 4391 930 4434 vox
948 4370 1014 4434 alia
1033 4378 1071 4434 ut
1091 4390 1227 4454 magna,
1247 4370 1313 4433 alia
1330 4390 1449 4454 parva,
1469 4370 1536 4433 alia
1554 4370 1732 4434 mediocris
1753 4391 1832 4454 pars
1851 4372 1960 4435 oritur

517 4498 557 4540 ex
573 4477 755 4561 qualitate,
774 4484 814 4541 ut
832 4497 958 4541 vocum
976 4477 1043 4541 alia
1059 4477 1140 4552 cita,
1161 4477 1227 4541 alia
1245 4476 1356 4551 tarda,
1376 4477 1443 4540 alia
1461 4476 1650 4552 moderata,
1669 4478 1753 4541 item
1779 4478 1846 4542 alia
1862 4478 1960 4552 lenis,

519 4584 585 4647 alia
611 4604 745 4666 aspera3
769 4603 904 4648 rursum
929 4584 995 4647 alia
1019 4592 1210 4659 contracta,
1237 4584 1302 4647 alia
1327 4583 1469 4659 diffusa;
1494 4583 1639 4667 denique
1664 4583 1731 4647 alia
1754 4584 1947 4649 continenti
1983 4634 1985 4639 Α

518 4690 586 4754 alia
610 4691 804 4773 interrupto
828 4690 950 4754 emissa
974 4690 1110 4774 spiritu3
1135 4689 1180 4753 ad
1205 4698 1398 4754 extremum
1422 4690 1488 4754 alia
1513 4689 1634 4765 fracta,
1661 4691 1726 4755 alia
1751 4691 1866 4765 scissa,
1894 4691 1961 4755 alia

518 4797 652 4872 flebilis,
668 4797 734 4861 alia
748 4805 942 4872 attenuata,
958 4798 1024 4861 alia
1040 4797 1202 4881 inflata,¹)
1214 4797 1311 4860 cuius
1322 4796 1500 4860 varietatis
1517 4797 1552 4859 in
1566 4798 1760 4880 exemplum
1773 4797 1961 4862 Poetarum

519 4903 649 4968 bonurn
678 4925 779 4968 usum
807 4903 969 4981 ostendit,
998 4904 1185 4989 inquibus
1213 4912 1293 4967 sunt
1322 4910 1447 4979 motus,
1477 4903 1663 4979 iracundia,
1692 4904 1959 4979 commiseratiO,

519 5020 644 5086 metuS,
665 5011 840 5094 voluptas,
863 5010 1020 5074 molestia
1041 5020 1074 5075 et
1096 5010 1148 5074 his
1169 5010 1294 5074 similes
1314 5011 1599 5093 perturbationes
1624 5011 1653 5074 A
1674 5011 1816 5075 vocibus
1837 5011 1962 5075 deinde

519 5116 736 5201 progreditur
754 5117 799 5181 ad
820 5117 974 5192 Gestum,
993 5118 1052 5201 qui
1071 5119 1126 5181 vel
1152 5118 1186 5180 in
1212 5118 1320 5181 totius
1344 5116 1495 5201 corporis
1520 5124 1618 5181 motu
1644 5125 1821 5200 spectatur
1845 5118 1900 5181 vel
1926 5118 1961 5181 in

517 5223 727 5308 quibusdam
752 5232 892 5288 tantum
916 5224 1084 5307 partibus
1110 5232 1149 5287 ut
1174 5224 1349 5299 lateribus
1375 5224 1544 5299 manibus,
1571 5224 1718 5287 brachiis
1743 5232 1776 5287 et
1802 5224 1959 5307 pedibus

635 5429 655 5491 ¹)
679 5426 725 5478 De
741 5442 784 5478 or.
806 5426 879 5487 ΙΙΙ.,
899 5440 944 5493 57,
963 5442 1029 5491 217:
1047 5426 1113 5478 lene
1131 5440 1280 5493 asperum,
1294 5430 1486 5477 contractum
1500 5424 1655 5486 diffusum,
1670 5424 1840 5479 continenti
1853 5424 1965 5495 spiritu

519 5515 702 5575 intermisso;
726 5514 857 5568 fractum
878 5517 1014 5573 scissum:
1037 5514 1117 5567 flexo
1138 5531 1212 5567 sono
1233 5522 1432 5567 extenuatum
1454 5514 1606 5566 inflatum.
