4617 6575
1269 683 1303 734 14

563 904 684 988 pertia.
712 903 779 970 Sed
804 905 1004 991 priusquam
1028 907 1117 969 hanc
1143 905 1346 970 divisionem
1380 905 1523 969 ulterius
1556 905 1782 990 persequitur,
1810 906 2008 970 universam

564 1013 652 1076 hanc
683 1011 954 1096 disputationem
984 1013 1026 1076 de
1056 1012 1248 1096 praeceptis
1279 1012 1472 1076 Rhetoricis
1501 1012 1551 1076 ita
1581 1013 1732 1096 partitur
1761 1033 1840 1076 cum
1871 1013 2005 1085 Crasso,

564 1127 604 1182 ut
617 1119 669 1183 hic
683 1118 778 1195 illud,
789 1119 886 1204 QUO
900 1120 1031 1185 MODO
1044 1117 1229 1183 dicendum
1241 1119 1296 1194 sit,
1310 1118 1468 1202 explicet:
1483 1118 1586 1204 idque
1599 1118 1659 1184 fiet
1672 1119 1707 1183 in
1720 1119 1843 1184 ultimo
1855 1120 2007 1203 primum

564 1225 663 1290 libro:
692 1225 765 1309 ipse
791 1233 909 1290 autem
935 1227 970 1290 in
997 1227 1072 1301 hoc,
1098 1223 1221 1310 QUID
1248 1225 1291 1289 sit
1319 1225 1513 1300 dicendum,
1541 1233 1776 1310 persequatur.
1808 1227 1931 1312 Itaque
1958 1228 2003 1291 M.

566 1332 737 1396 Antonius
773 1334 836 1396 hac
874 1332 1146 1398 antemeridiana
1183 1332 1417 1416 disputatione
1454 1333 1614 1416 proponit
1651 1333 1716 1397 sibi
1751 1332 2005 1417 explicandam:

569 1440 820 1515 Inventionem‚
835 1439 1101 1504 Collocationem
1115 1446 1150 1502 et
1165 1439 1374 1504 Memoriam.
1391 1439 1630 1503 Elocutionem
1644 1447 1761 1504 autem
1776 1447 1810 1505 et
1824 1441 2007 1506 Actionem

565 1545 686 1609 Crasso
703 1546 748 1609 ad
765 1546 1038 1630 pomeridianum
1056 1566 1247 1609 sermonem
1265 1546 1436 1631 relinquit.
1471 1547 1593 1630 Itaque
1620 1547 1791 1610 Antonius
1821 1555 2004 1623 oratorem,

560 1673 667 1736 quem
688 1652 800 1737 fingit,
823 1653 981 1717 instituet
1004 1661 1038 1717 et
1061 1653 1140 1716 alet.
1165 1652 1231 1718 Sed
1253 1652 1393 1716 Crassus
1414 1652 1561 1716 eundem
1581 1653 1708 1717 vestiet
1730 1660 1834 1738 atque
1856 1653 2003 1718 ornabit.

568 1760 631 1824 Hic
655 1768 771 1823 autem
796 1761 840 1822 ob
863 1759 1081 1824 retinendum
1104 1760 1267 1823 decorum
1290 1761 1324 1823 in
1347 1780 1410 1824 sua
1432 1780 1577 1843 persona
1600 1760 1703 1824 istam
1726 1761 1876 1824 muneris
1899 1761 2006 1845 parti-

566 1867 694 1930 tionem
716 1887 785 1930 non
805 1866 881 1931 vult
898 1867 1023 1931 habere
1050 1865 1326 1950 ratameiusque
1357 1865 1574 1950 iniquitatem
1605 1867 1759 1952 elegante
1780 1881 1815 1931 et
1832 1867 1910 1930 huic
1932 1868 2006 1932 loco

563 1972 753 2036 admodum
796 1974 1023 2037 conveniente
1067 1972 1226 2058 allegoria
1270 1973 1504 2037 demonstrare
1538 1973 1673 2037 nititur:
1708 1973 1802 2058 quod
1844 1973 2006 2038 nimirum

566 2100 675 2164 neque
694 2080 775 2143 boni
794 2101 904 2164 neque
924 2080 1071 2144 liberalis
1090 2080 1198 2163 patris
1217 2081 1272 2153 sit,
1290 2101 1394 2164 quem
1413 2080 1598 2164 procrearit
1618 2089 1652 2144 et
1672 2079 1838 2156 eduxerit,
1859 2081 2007 2144 eundem

565 2187 691 2250 vestire
712 2196 816 2271 atque
837 2207 958 2250 ornare
978 2186 1077 2263 nolle,
1099 2187 1300 2270 praesertim
1320 2207 1400 2252 cum
1421 2207 1456 2250 se
1476 2187 1560 2250 satis
1580 2185 1787 2270 locupletem
1807 2207 1876 2250 non
1897 2187 2006 2271 possit

565 2313 698 2378 negare.
723 2293 788 2358 Sed
813 2301 931 2358 tamen
966 2294 1152 2358 assentitur
1182 2293 1352 2378 deinceps,
1387 2294 1527 2378 quando
1567 2293 1759 2359 Antonium
1793 2293 2005 2368 cohortatur,

566 2401 594 2464 is
623 2407 662 2463 ut
701 2396 896 2484 propositae
925 2400 1101 2463 divisionis
1129 2401 1276 2484 priorem
1307 2409 1456 2485 exponat
1486 2408 1631 2484 partem,
1663 2400 1717 2464 vel
1746 2407 1785 2464 ut
1814 2400 2005 2484 depromat,

562 2505 659 2590 quod
684 2514 811 2570 tractat
837 2507 1032 2590 saepissime
1056 2527 1256 2591 semperque
1281 2507 1455 2571 divinitus
1482 2507 1653 2571 Antonius
1677 2507 1797 2571 Crasso
1821 2508 2008 2572 assentitur

566 2612 760 2687 liberaliter,
787 2613 951 2678 accedens
975 2613 1020 2677 ad
1044 2614 1192 2696 primam
1208 2613 1355 2697 speciem
1374 2613 1591 2689 inventionis,
1614 2634 1703 2698 quae
1728 2621 1778 2677 est
1794 2614 1885 2690 fidei,
1911 2613 2007 2698 polli-

566 2729 732 2804 ceturque
748 2721 940 2804 generalem
957 2720 1150 2784 doctrinam
1167 2720 1319 2786 locorum
1336 2721 1461 2784 reiecta
1478 2719 1634 2784 doctrina
1651 2720 1806 2804 specialis
1823 2720 2006 2804 investiga·

567 2825 682 2901 tionis,
711 2847 817 2911 quam
848 2828 1017 2891 Rhetores
1046 2827 1201 2902 tradunt,
1234 2835 1309 2890 tum
1339 2828 1373 2890 in
1403 2833 1560 2890 statuum
1590 2827 1834 2910 partitionibus
1864 2833 1942 2891 tum
1971 2828 2006 2890 in

564 2953 748 2997 causarum
778 2934 966 3018 generibus.
1000 2934 1198 3018 Antequam
1237 2941 1354 2997 autem
1391 2934 1483 2998 locos
1522 2940 1710 3010 enumerat,
1744 2933 1932 3018 digreditur
1962 2933 2006 2996 ad

567 3041 747 3103 materiam
774 3041 985 3124 quaestionis
1032 3041 1237 3104 Rhetoricae
1275 3041 1466 3124 repetitque
1508 3048 1730 3124 praeceptum
1772 3040 2004 3105 meditationis

568 3147 611 3209 de
636 3147 879 3211 constituendo
903 3168 1024 3232 genere
1048 3147 1299 3211 controversiae
1324 3155 1358 3211 et
1383 3155 1479 3210 statu
1502 3167 1636 3224 causae,
1662 3147 1830 3232 siquidem
1854 3147 2002 3210 adhaec

571 3252 639 3317 duo
656 3253 832 3318 referenda
848 3263 929 3319 sunt
946 3255 1061 3319 omnia
1077 3254 1241 3319 orationis
1257 3253 1399 3318 forensis
1414 3255 1539 3338 capita.
1556 3255 1632 3339 Quo
1648 3255 1681 3317 in
1698 3254 1772 3319 loco
1789 3253 2003 3338 reprehendit

569 3361 748 3425 Rhetores:
773 3382 840 3426 non
863 3363 942 3438 iam,
963 3362 1057 3446 quod
1077 3362 1201 3425 vitiose
1223 3362 1419 3445 partiantur
1432 3361 1651 3446 quaestiones
1667 3362 1701 3425 in
1718 3362 1868 3425 Finitam
1890 3368 1924 3425 et
1950 3362 2004 3425 In-

569 3468 717 3543 finitam,
738 3469 821 3552 quia
842 3470 886 3533 ob
908 3470 995 3532 hanc
1018 3490 1090 3533 rem
1110 3489 1214 3551 supra
1236 3468 1319 3532 satis
1340 3470 1491 3553 graviter
1512 3470 1545 3532 in
1569 3469 1642 3532 illos
1663 3468 1920 3543 animadvertit,
1944 3467 2002 3531 sed

564 3575 659 3659 quod
687 3582 762 3638 tum
790 3576 824 3638 in
852 3575 975 3639 scholis
1003 3584 1078 3640 tum
1106 3577 1140 3638 in
1168 3575 1262 3637 libris
1289 3596 1351 3638 nos
1378 3574 1535 3639 doceant:
1564 3576 1801 3657 quaestionem
1838 3574 2000 3646 Finitam,

560 3680 703 3765 quando
732 3682 800 3745 suis
829 3683 996 3765 spoliatur
1024 3682 1213 3757 attributis,
1244 3682 1289 3745 ad
1314 3682 1504 3752 Infinitam,
1530 3702 1619 3765 quae
1648 3682 1754 3745 etiam
1783 3680 2002 3765 Propositum

568 3788 777 3862 nominatur,
814 3789 1044 3852 revocandam
1072 3809 1154 3864 esse,
1181 3788 1350 3873 siquidem
1384 3809 1425 3851 ex
1461 3788 1561 3852 huius
1595 3788 1868 3853 consideratione
1903 3808 2003 3851 omne

566 3895 817 3978 propemodum
844 3896 1036 3979 dependeat
1066 3895 1239 3960 iudicium.
1266 3895 1399 3959 Ibidem
1419 3916 1438 3958 a
1458 3895 1668 3961 Rhetoribus
1695 3894 1740 3958 ad
1765 3895 1851 3959 Iuris
1873 3896 2005 3960 consul-

568 4009 683 4065 torum
710 4001 899 4086 digreditur
924 4003 1069 4066 similem
1095 4022 1201 4087 prope
1226 4002 1528 4084 vituperationem,
1553 4002 1657 4086 quod,
1684 4010 1725 4066 ut
1751 4001 1852 4065 illide
1867 4000 2006 4085 singulis

568 4115 706 4172 tantum
730 4116 764 4171 et
787 4109 912 4173 nonde
929 4110 1095 4173 universis
1117 4110 1229 4173 causis
1253 4128 1432 4193 rerumque
1455 4109 1634 4193 generibus
1652 4108 1877 4191 praecipiunt,
1903 4109 1951 4171 ita
1970 4106 2007 4172 hi

566 4215 775 4279 nominatim
790 4223 893 4300 atque
909 4217 1088 4299 speciatim
1101 4224 1238 4286 cavent,
1256 4216 1338 4279 dum
1354 4216 1527 4299 generales
1542 4215 1623 4279 iuris
1638 4216 1770 4299 regulas
1786 4214 2007 4279 actionumve

568 4321 799 4404 legitimarum
827 4323 991 4386 formulas
1018 4323 1245 4405 praescribere
1273 4321 1431 4387 debeant.
1463 4323 1526 4385 His
1553 4322 1817 4405 digressionibus
1845 4320 2006 4405 perfectis

566 4428 655 4491 redit
687 4427 732 4491 ad
760 4430 993 4493 intermissum
1016 4450 1098 4493 suae
1119 4429 1363 4512 disputationis
1394 4450 1545 4511 scopum,
1579 4436 1736 4511 repetens
1766 4436 1883 4492 tamen
1913 4428 2007 4511 prius

566 4544 789 4619 praeceptum
811 4535 896 4600 illud
915 4536 1180 4600 commendandi
1203 4536 1245 4598 de
1258 4536 1493 4619 cognoscenda
1514 4536 1558 4599 ab
1579 4536 1724 4599 Oratore
1744 4556 1847 4598 causa
1869 4534 2007 4598 infinita

567 4650 601 4705 et
624 4651 663 4705 ut
683 4644 856 4726 generales
877 4644 968 4706 locos
990 4642 1208 4716 inventionis,
1231 4664 1272 4705 ex
1293 4643 1419 4725 quibus
1440 4641 1485 4705 ad
1505 4642 1619 4705 omnia
1640 4642 1778 4725 negotia
1799 4640 2007 4705 sufficientia

567 4757 774 4831 promuntur
801 4758 1013 4833 argumenta,
1042 4757 1119 4813 tum
1146 4758 1304 4811 accurate
1330 4748 1485 4831 cognitos
1512 4758 1588 4812 tum
1615 4748 1795 4832 diligenter
1821 4748 2007 4811 meditatos

567 4856 764 4920 habeamus.
799 4857 1016 4940 Quamquam
1049 4864 1167 4920 autem
1200 4856 1396 4918 inveniendi
1441 4855 1597 4928 facultas,
1629 4854 1923 4939 quemadmodum
1972 4861 2006 4917 et

567 4962 695 5045 reliqua
712 4964 828 5027 omnia
844 4964 955 5027 tribus
971 4971 1107 5026 constat
1125 4964 1238 5026 rebus:
1258 4962 1402 5027 Natura.
1417 4964 1500 5027 Arte
1518 4970 1551 5026 et
1571 4962 1856 5025 Excercitatione:
1877 4968 2005 5036 tamen,

567 5068 595 5129 si
611 5068 654 5131 ad
669 5078 831 5133 naturam
845 5070 1023 5133 accesserit
1040 5091 1174 5133 summa
1190 5069 1442 5133 exercitationis
1458 5069 1643 5152 diligentia,
1662 5078 1737 5132 tum
1752 5069 1818 5131 arti
1845 5068 2006 5152 exiguum

568 5176 631 5235 loci
658 5177 813 5240 relictum
841 5178 910 5239 fore
936 5178 1097 5251 ostendit,
1124 5177 1226 5259 idque
1253 5176 1334 5239 facit
1359 5176 1650 5239 cohortandorum
1675 5175 2007 5239 adolescentulorum

567 5282 687 5364 gratia.
702 5304 781 5345 nam
795 5284 959 5346 eiusmodi
972 5284 1109 5347 laudem
1130 5283 1325 5365 diligentiae
1337 5282 1520 5345 confirmat
1534 5283 1696 5364 exemplis
1710 5282 2004 5364 Philosophorum,

561 5410 712 5471 quorum
740 5390 842 5453 multi
868 5391 939 5453 sine
968 5398 1050 5465 arte,
1074 5390 1145 5452 sola
1174 5390 1217 5451 ad
1238 5390 1429 5453 subsidium
1455 5398 1599 5451 naturae
1628 5389 1799 5451 advocata
1827 5387 2005 5462 industria,

567 5495 686 5558 dicunt
709 5496 750 5558 de
771 5498 871 5559 rebus
891 5497 1023 5580 magnis
1044 5497 1269 5564 ornatissime,
1291 5496 1345 5558 cui
1366 5504 1482 5558 tamen
1504 5496 1694 5557 sententiae
1715 5494 1841 5558 resistit
1864 5493 2007 5558 Catulus
