4617 6575
1304 755 1322 807 2

588 995 692 1059 opera
721 982 756 1038 et
785 974 936 1048 consilio,
965 975 1046 1059 quia
1078 975 1269 1051 exhausto,
1297 976 1391 1060 quod
1421 995 1554 1058 semper
1583 973 1684 1038 valde
1714 973 1876 1058 exiguum
1908 974 2032 1046 fuerat,

589 1081 807 1166 patrimonio‘
833 1080 992 1145 omnibus
1015 1082 1084 1145 fere
1108 1083 1209 1146 rebus
1232 1082 1277 1146 ad
1300 1082 1411 1146 vitam
1433 1081 1631 1146 necessariis
1654 1081 1816 1166 egebat.²)

699 1188 783 1271 Quis
812 1208 893 1250 vero
922 1187 989 1251 luit
1019 1188 1073 1251 ille
1113 1188 1253 1254 Carolus
1282 1189 1538 1264 Waldsteinius‚
1581 1187 1637 1252 cui
1675 1186 1820 1252 Cocinus
1859 1186 2033 1251 dedicavit

593 1295 802 1380 ‚Isagogenv
828 1294 1002 1359 Oriundus
1025 1302 1098 1358 erat
1122 1315 1164 1358 ex
1186 1295 1415 1360 illustrissima
1438 1303 1538 1380 gente
1561 1293 1797 1368 Waldsteinia,
1820 1293 1918 1359 cuius
1941 1294 2035 1358 lama

594 1402 782 1486 posteriore
807 1401 942 1464 saeculo
960 1403 1005 1464 ab
1019 1401 1172 1478 Alberto,
1199 1401 1314 1466 fratris
1340 1401 1411 1465 filio
1435 1401 1557 1476 Caroli,
1583 1402 1717 1485 prolata
1743 1421 1803 1482 per
1828 1407 1941 1465 totam
1965 1400 2034 1464 fere

590 1509 767 1592 Europam
786 1507 1012 1591 increbruit.'²)
1035 1509 1065 1570 A
1088 1507 1232 1593 Georgio
1252 1515 1350 1592 patre
1370 1509 1648 1573 adulescentulus
1667 1508 1791 1572 missus
1810 1515 1862 1572 est
1882 1508 2033 1582 Carolus,

587 1617 648 1701 qui
663 1636 754 1680 anno
771 1614 902 1682 MDIL.
919 1622 1023 1678 natus
1038 1617 1152 1698 erat,³)
1168 1621 1207 1678 ut
1223 1615 1305 1679 iuris
1320 1614 1523 1698 prudentiae
1539 1622 1573 1679 et
1584 1614 1827 1679 humaniorum
1841 1615 2035 1679 studiorum

591 1724 722 1806 peritus
736 1722 847 1796 lieret,
863 1722 897 1784 in
914 1721 1107 1785 academias
1121 1722 1359 1786 celeberrimas
1375 1730 1409 1787 et
1428 1721 1631 1787 Germaniae
1646 1730 1680 1786 et
1699 1721 1829 1787 Galliae
1845 1729 1880 1785 et
1900 1721 2031 1785 Italiae.

589 1829 718 1914 Viginti
748 1849 856 1892 annos
883 1834 988 1892 natus
1015 1830 1220 1892 versabatur
1246 1829 1527 1914 Vitembergae⁴),
1558 1829 1616 1892 ubi
1645 1836 1719 1892 tum
1750 1829 1850 1893 multi
1878 1849 2035 1911 proceres

592 1936 776 2000 Bohemiae
803 1934 997 1998 litterarum
1025 1935 1158 1999 tructus
1186 1936 1359 2019 percipere
1386 1936 1556 2010 solebant;
1586 1935 1620 1998 in
1653 1935 1755 2000 ltalia
1784 1935 1878 2000 haud
1906 1935 1974 2000 scio
1987 1955 2031 1998 an

590 2065 670 2106 cum
703 2043 828 2106 Cocino
845 2062 904 2106 sex
920 2041 1019 2105 annis
1036 2049 1122 2105 natu
1140 2041 1268 2107 maiore
1285 2063 1485 2126 congressus
1503 2043 1557 2107 sit.
1576 2042 1652 2126 Quo
1670 2043 1803 2108 factum
1821 2064 1893 2106 esse
1906 2047 2032 2125 potest,

592 2156 632 2214 ut
657 2170 736 2212 cum
762 2170 802 2212 eo
827 2148 1061 2213 familiaritate
1084 2149 1237 2232 quadam
1261 2149 1467 2214 coniunctus
1493 2149 1605 2213 luerit.
1633 2150 1722 2214 Tum
1747 2150 1782 2213 in
1809 2149 1957 2233 patriam
1984 2169 2033 2212 re-

591 2277 710 2320 versus
734 2277 825 2324 anno
849 2254 1104 2320 MDLXXVII.
1140 2255 1268 2340 Pragae
1305 2256 1531 2320 assessoribus
1566 2256 1698 2320 consilii
1735 2257 2031 2340 provocationum,

589 2363 684 2447 quod
715 2362 932 2447 undeviginti
963 2363 1061 2426 annis
1092 2369 1173 2427 ante
1205 2347 1443 2426 Ferdinandus
1473 2383 1531 2427 rex
1563 2363 1800 2438 constituerat,
1833 2371 2035 2448 aggregatus

591 2473 682 2553 est.⁵)
714 2470 800 2534 Cum
827 2469 930 2552 paulo
957 2479 1036 2552 post
1063 2470 1208 2533 Cocinus
1233 2490 1370 2554 quoque
1399 2470 1545 2554 Pragam
1572 2470 1723 2546 redisset,
1753 2470 1892 2535 Carolus
1920 2469 2036 2533 Wald-

592 2577 736 2641 steinius
763 2577 826 2639 hoc
856 2576 997 2660 aliisque
1026 2575 1107 2638 viris
1136 2575 1246 2640 doctis
1275 2585 1348 2640 tam
1377 2577 1590 2641 familiariter
1617 2578 1792 2652 utebatur,
1821 2585 1861 2640 ut
1890 2575 2035 2641 Cocinus

589 2683 759 2768 colloquio
770 2682 923 2766 quodam
936 2691 1114 2764 permotus
1141 2683 1235 2746 illam
1251 2682 1440 2767 ,Isagogen‘
1462 2704 1543 2747 cum
1573 2683 1793 2760 ,Prolusione‘
1814 2684 2036 2748 coniunctam

591 2790 636 2854 ad
660 2811 739 2854 eum
761 2789 925 2854 mitteret.
953 2789 1051 2852 Idem
1072 2788 1216 2866 libellus,
1237 2810 1306 2873 quo
1329 2800 1474 2874 utraque
1497 2790 1612 2854 Cocini
1642 2791 1805 2854 tractatio
1826 2790 2035 2866 continetur,

591 2919 660 2962 non
672 2897 805 2973 dubito,
816 2896 900 2979 quin
912 2896 1104 2979 insequenti
1119 2896 1255 2960 saeculo
1265 2897 1310 2959 ab
1322 2897 1489 2972 exulibus,
1506 2905 1545 2960 ut
1562 2897 1670 2972 aiunt,
1688 2897 1880 2961 Bohemicis
1897 2897 2037 2961 Plrnam

593 3004 781 3068 translatus
811 3003 847 3066 in
876 3003 1105 3066 ecclesiastica
1135 3003 1236 3066 huius
1267 3003 1420 3086 oppiduli
1450 3003 1660 3068 bibliotheca
1691 3025 1797 3088 usque
1827 3002 1871 3067 ad
1901 3010 2038 3066 nostros

591 3111 664 3175 dles
684 3109 889 3193 pervenerit.

701 3234 796 3318 Quae
810 3255 892 3298 vero
908 3233 1010 3298 fuerit
1026 3254 1130 3297 causa
1145 3234 1344 3299 scribendae
1360 3235 1461 3299 huius
1478 3234 1673 3320 ,lsagoges‘,
1686 3256 1726 3299 ex
1742 3235 1847 3319 ipsius
1862 3234 2039 3318 scriptoris

591 3342 716 3417 verbis,
738 3362 827 3425 quae
850 3341 938 3404 inira
963 3341 1008 3404 ad
1030 3342 1177 3406 verbum
1199 3362 1358 3423 expressa
1380 3351 1581 3426 sequuntur,
1612 3342 1761 3417 discetis;
1786 3342 1944 3426 equidem
1967 3342 2039 3406 iam

592 3450 660 3513 alio
682 3450 767 3522 loco,
788 3447 873 3531 quid
896 3448 1040 3511 Cocinus
1063 3448 1105 3510 de
1128 3448 1193 3511 illis
1215 3448 1385 3512 Ciceronis
1408 3449 1621 3514 sermonibus
1644 3449 1797 3525 senserit,
1821 3450 2039 3513 consideravi

592 3566 625 3621 et
642 3554 887 3637 adumbravi.⁶)
927 3555 1001 3617 Hoc
1025 3555 1098 3617 loco
1118 3554 1202 3619 mihi
1225 3556 1309 3619 satis
1331 3556 1395 3620 erit
1419 3556 1542 3619 dixisse
1566 3562 1681 3619 textus
1705 3563 1818 3620 errata
1840 3556 2038 3631 manifesta,

590 3682 803 3748 quamquam
816 3662 1066 3745 neglegentiam
1079 3661 1256 3745 quandam
1272 3662 1451 3737 scribendi,
1465 3663 1563 3726 cuius
1578 3663 1734 3740 Cocinus,
1750 3663 2041 3728 exercitationum

594 3790 735 3833 suarum
761 3768 932 3852 quasdam
960 3789 1069 3851 nugas
1097 3789 1138 3830 ex
1168 3767 1298 3832 scriniis
1327 3770 1454 3852 raptim
1483 3778 1652 3852 repetens,
1670 3770 1740 3852 ipse
1770 3776 1891 3833 auctor
1919 3768 2039 3838 luerit.

593 3876 761 3960 perpolite
793 3875 893 3939 anxie
925 3874 1087 3946 abstinui,
1120 3884 1238 3939 tamen
1270 3896 1324 3939 mc
1355 3876 1538 3939 correxisse
1570 3884 1604 3939 et
1624 3877 1833 3952 emendasse,
1867 3876 2043 3940 Ciceronis

594 3983 700 4065 ipsius
714 3982 828 4046 verbis
843 4002 922 4045 cum
935 3982 1062 4045 codicis
1075 3982 1190 4045 verbis
1203 3982 1336 4045 collatis
1355 3983 1479 4067 eisque,
1496 4004 1586 4067 quae
1599 3984 1735 4046 variata
1752 3990 1844 4059 sunt,
1860 3984 1924 4046 sub
1939 3989 2045 4046 textu

594 4089 723 4171 positis.
748 4088 818 4151 Nec
836 4108 919 4152 vcro
933 4087 1092 4151 dubitavi
1113 4088 1320 4172 scripturam
1340 4090 1525 4155 verborum
1545 4089 1675 4165 limare,
1696 4090 1900 4153 consonanti
1921 4088 2047 4153 littera

593 4217 617 4257 v
641 4216 749 4278 prou
772 4195 829 4258 vel
853 4195 863 4258 i
888 4216 949 4277 pro
973 4195 983 4278 j
1010 4196 1045 4257 in
1060 4204 1160 4258 textu
1184 4195 1331 4277 scriptis,
1357 4204 1460 4279 atque
1485 4196 1760 4260 abbreviationes
1784 4205 1882 4260 sexto
1906 4196 2048 4260 decimo

594 4303 730 4366 saeculo
747 4302 999 4376 usitatissimas,
1013 4302 1140 4386 quibus
1165 4322 1247 4365 usus
1272 4310 1322 4365 est
1339 4302 1466 4365 codicis
1482 4303 1603 4377 scriba,
1622 4303 1655 4365 in
1672 4303 1839 4386 pleniores
1854 4304 2050 4367 verborum

596 4410 723 4473 formas
745 4415 892 4472 mutare:
917 4408 1067 4472 vicissim
1090 4408 1415 4491 interpunctionem,
1437 4417 1609 4493 quantum
1632 4410 1730 4492 potui
1752 4410 1824 4473 sine
1847 4410 2050 4475 offensione

593 4537 723 4592 sensns,
748 4514 884 4579 retinui.

709 4700 731 4768 ¹)
754 4699 799 4751 CI.
822 4698 1045 4752 Praelationem
1066 4698 1281 4762 ,Prolusionis',
1303 4697 1354 4751 iol.
1379 4698 1461 4753 IIIb.

708 4789 730 4855 ²)
754 4789 800 4841 De
818 4788 934 4840 familia
952 4788 1161 4850 Waldsteinia‚
1179 4804 1257 4857 quae
1279 4795 1344 4840 tum
1363 4787 1474 4839 dicioni
1493 4788 1671 4841 Arnoviensi
1690 4795 1838 4857 praeerat,
1858 4788 1896 4841 cf.
1917 4788 2057 4851 Leeder,

597 4878 677 4930 Mitt.
698 4877 727 4930 d.
745 4878 813 4930 Ver.
833 4876 854 4930 f.
874 4877 903 4929 d.
925 4877 1031 4929 Gesch.
1052 4877 1080 4929 d.
1101 4878 1278 4929 Deutschen
1296 4878 1327 4929 in
1346 4876 1455 4930 Bohm.
1476 4878 1545 4938 ΧΙ.,
1566 4894 1595 4946 p.
1616 4879 1671 4943 246
1689 4894 1733 4947 sq.
1753 4884 1785 4930 et
1803 4878 1881 4931 XII.
1901 4894 1937 4947 43
1957 4894 2003 4947 sq.

709 4967 730 5031 ³)
754 4964 798 5018 ct.
826 4965 946 5017 Danieli
971 4966 1081 5018 Adami
1107 4983 1123 5017 z
1149 4966 1358 5019 Weleslawina
1386 4966 1540 5018 Kalendai
1565 4966 1743 5036 histoncktr:
1772 4981 1817 5034 25.
1844 4982 1925 5037 srpn.
1957 4981 2059 5036 1549:

597 5055 629 5108 P.
654 5055 745 5107 Karel
766 5072 781 5105 z
801 5054 1002 5108 Waldssteina
1022 5071 1079 5125 syn
1100 5056 1133 5108 P.
1158 5056 1280 5107 Girziho
1301 5073 1316 5106 z
1337 5055 1540 5108 Waldssteina
1561 5055 1691 5125 pokiter'r
1711 5072 1751 5108 na
1772 5055 1965 5109 Hosttnnem.

711 5144 731 5211 ⁴)
755 5143 799 5196 Cf.
838 5144 1048 5202 Forstemann‚
1087 5144 1200 5197 Album
1239 5144 1421 5197 Academiae
1458 5143 1723 5214 Vitembergensis:
1778 5145 1946 5215 Inscriptus
1998 5156 2064 5203 est

595 5232 805 5300 Vitembergae
816 5232 872 5284 sub
886 5248 928 5285 10.
941 5233 1003 5303 Juli
1017 5234 1099 5299 1569:
1113 5234 1149 5285 D.
1164 5234 1287 5286 Carolus
1300 5251 1317 5285 a
1328 5233 1484 5285 Vualstein
1496 5234 1527 5284 in
1539 5234 1649 5285 Arnaw
1661 5240 1691 5285 et
1703 5234 1870 5303 Mellethyn
1878 5233 2061 5289 Bohemus.

711 5323 731 5388 ⁶)
755 5320 800 5372 ct
824 5321 920 5373 Freih.
942 5339 970 5374 v.
1001 5322 1088 5384 Hes5,
1118 5323 1337 5391 Monographie
1367 5323 1418 5374 des
1447 5322 1476 5374 k.
1495 5322 1535 5375 .k.
1566 5322 1669 5375 bbhni.
1699 5323 2064 5392 Appellationsgerichts

596 5410 653 5461 sub
673 5425 702 5461 n.
724 5426 769 5474 42.
792 5419 823 5461 et
843 5412 877 5462 E.
900 5411 965 5472 Ott,
988 5411 1127 5479 Beitriige
1148 5428 1200 5463 zur
1222 5412 1600 5480 Receptions-Geschichte
1620 5412 1671 5464 des
1692 5412 2065 5471 romisch-kanonischen

597 5498 752 5550 Processes
773 5498 803 5549 in
824 5499 882 5550 den
902 5500 1099 5552 bblnnischen
1120 5500 1271 5552 Landern‘
1292 5517 1321 5569 p.
1346 5502 1410 5566 248.

714 5591 734 5655 ⁸)
759 5588 842 5639 Neue
864 5589 1054 5658 Jahrbi'rcher
1074 5589 1093 5640 l.
1117 5590 1145 5640 d.
1169 5589 1257 5641 klass.
1280 5590 1387 5642 Altert.
1410 5598 1466 5643 etc.
1493 5592 1563 5657 1908
1586 5591 1706 5652 xxia,
1729 5608 1757 5660 p.
1784 5607 1832 5644 111
1857 5606 1899 5661 sq.
