4617 6575
1224 660 1255 712 18

509 883 697 967 improbus
727 882 755 945 si
783 881 868 966 quid
897 880 979 946 mali
1007 881 1216 946 commiserit
1247 882 1280 946 in
1312 882 1444 967 agenda
1473 903 1589 960 causa,
1621 882 1802 948 mediocris
1832 891 1949 949 autem

508 1011 633 1074 parum
660 996 784 1054 cautus
813 996 847 1052 et
877 1009 1000 1071 parum
1028 989 1178 1071 prudens
1207 989 1467 1066 existimandus
1497 991 1525 1054 si
1551 989 1636 1074 quid
1666 990 1828 1073 proferat,
1856 991 1950 1074 quod

507 1117 591 1161 suae
610 1116 734 1160 causae
754 1096 855 1160 obsit.
880 1096 943 1159 His
963 1104 1081 1159 autem
1102 1094 1213 1160 modis
1234 1095 1385 1161 ostendit
1406 1097 1588 1162 Oratorem
1609 1117 1708 1180 posse
1729 1098 1846 1162 obesse
1867 1118 1949 1162 suae

508 1224 643 1279 causae,
659 1203 688 1266 si
704 1210 831 1267 temere
847 1202 981 1266 lacessit
998 1222 1087 1277 eum,
1118 1222 1222 1286 aquo
1236 1223 1305 1266 non
1321 1203 1387 1266 fuit
1402 1203 1524 1275 laesus,
1541 1204 1569 1267 si
1585 1211 1788 1288 argumento
1804 1204 1949 1268 molesto

508 1319 614 1395 atque
628 1309 761 1373 difficili
775 1329 844 1372 non
858 1308 977 1383 credit,
996 1309 1152 1373 siminus
1169 1309 1288 1374 laudat
1306 1330 1407 1374 suum
1423 1309 1595 1384 clientem,
1615 1310 1643 1374 si
1660 1311 1694 1374 in
1712 1331 1769 1374 eos
1784 1319 1835 1374 est
1848 1312 1950 1375 velie-

509 1425 643 1484 menter
662 1417 814 1491 acerbuS,
835 1416 863 1479 si
883 1436 924 1479 ex
944 1422 1091 1499 patrono
1109 1437 1145 1480 se
1164 1415 1372 1500 litigatorem
1392 1416 1487 1493 facit,
1507 1417 1535 1480 si
1555 1424 1616 1480 aut
1636 1423 1754 1500 aperte
1783 1418 1951 1482 mentitur

509 1531 571 1588 aut
593 1522 784 1608 pugnantia
806 1522 900 1586 dicit.
925 1523 1007 1587 Post
1023 1525 1111 1588 hanc
1127 1522 1369 1607 digressionem
1391 1523 1643 1588 demonstravit
1665 1524 1820 1588 ordinem
1842 1524 1949 1589 Collo-

507 1631 664 1706 cationiS,
685 1651 792 1715 quam
814 1629 939 1693 dividit
962 1629 997 1693 in
1020 1628 1255 1693 artificiosam:
1281 1629 1342 1693 hoc
1367 1635 1418 1693 est
1441 1651 1461 1694 a
1483 1637 1610 1694 natura
1631 1651 1755 1694 causae
1778 1631 1947 1696 oblatum:

510 1746 545 1802 et
566 1736 785 1821 prudentem:
808 1737 871 1801 hoc
893 1743 956 1811 est,
976 1757 1065 1820 quae
1086 1736 1131 1799 ab
1151 1736 1306 1801 Oratoris
1327 1736 1498 1819 dependet
1520 1737 1665 1822 ingenio,
1689 1736 1755 1801 Sed
1776 1738 1858 1802 haec
1881 1758 1948 1801 non

510 1844 587 1909 ideo
603 1844 776 1919 dicuntur,
792 1843 892 1928 quasi
908 1864 962 1907 ars
977 1850 1093 1908 careat
1110 1841 1304 1925 prudentia,
1337 1842 1505 1927 siquidem
1518 1845 1661 1928 quaevis
1676 1863 1759 1908 vera
1775 1851 1809 1908 et
1826 1843 1949 1908 idonea

510 1952 627 2037 regula
649 1951 733 2016 artis
755 1951 800 2014 sit
822 1970 958 2035 quoque
981 1949 1186 2033 prudentiae
1209 1948 1337 2034 regula:
1363 1971 1483 2014 verum
1504 1950 1587 2035 quia
1608 1957 1731 2014 contra
1752 1951 1949 2016 communia

510 2066 695 2142 praecepta
724 2057 807 2121 artis
838 2056 1040 2140 prudentiae
1071 2063 1210 2121 tantum
1240 2057 1371 2120 viribus
1400 2057 1533 2122 nititur.
1564 2055 1798 2121 Artificiosam
1827 2058 1947 2121 definit

508 2164 675 2229 orationis
696 2164 848 2247 partium
871 2163 1001 2227 ordine:
1026 2163 1188 2240 Exordio,
1211 2151 1427 2240 Narratione]
1451 2163 1730 2239 Confirmatione,
1755 2164 1949 2247 Reprehen-

507 2271 615 2348 sione,
641 2271 871 2346 Peroratione,
893 2271 954 2354 qui
978 2278 1095 2335 tamen
1119 2270 1203 2334 ordo
1228 2277 1301 2335 tarn
1325 2278 1376 2335 est
1399 2278 1651 2335 consentaneus
1674 2279 1820 2335 naturae
1840 2291 1947 2355 quam

507 2381 555 2442 ab
574 2377 766 2442 artificibus
784 2376 1051 2442 demonstratus.
1074 2376 1284 2442 Prudentem
1316 2376 1351 2440 in
1382 2377 1592 2462 argumentis
1624 2385 1658 2441 et
1678 2377 1949 2460 permotionibus

509 2485 619 2569 ponit,
635 2505 783 2569 quorum
798 2484 834 2548 in
850 2472 921 2547 illis
930 2484 1139 2548 necessarius
1154 2491 1207 2547 est
1224 2483 1387 2558 delectus,
1408 2492 1446 2548 ut
1462 2485 1589 2548 vitiosa
1604 2484 1812 2560 reiiciantur,
1829 2484 1947 2570 gravia

508 2592 675 2676 utiliaque
696 2598 925 2655 assumantur.
951 2590 993 2654 In
1013 2590 1065 2654 his
1084 2597 1203 2656 autem
1223 2591 1295 2654 eius
1316 2591 1408 2655 modi
1428 2591 1619 2655 moderatio
1639 2591 1832 2676 requiritur,
1851 2591 1948 2676 quasi

508 2699 659 2764 iudicem
676 2697 797 2762 docere
815 2704 965 2772 tantum,
985 2697 1132 2762 sednon
1150 2717 1350 2781 permovere
1368 2697 1403 2761 in
1422 2697 1537 2761 animo
1554 2698 1683 2762 habeat
1701 2698 1837 2774 Orator,
1854 2696 1948 2782 quod

508 2825 570 2889 per
593 2825 711 2869 omnes
736 2811 852 2888 partes
876 2803 1041 2868 orationis
1068 2824 1138 2868 non
1154 2825 1252 2868 secus
1276 2811 1380 2888 atque
1408 2803 1443 2868 in
1470 2805 1623 2869 humano
1646 2825 1787 2888 corpore
1811 2803 1949 2889 sanguis

508 2932 569 2995 per
589 2911 705 2976 omnia
726 2913 881 2976 membra
901 2910 1052 2977 diffundi
1072 2911 1186 2976 debet.
1210 2911 1336 2976 Verum
1360 2917 1393 2975 et
1415 2911 1478 2974 hoc
1501 2911 1536 2975 in
1558 2911 1623 2976 hac
1644 2910 1873 2977 Collocatione
1897 2917 1948 2976 est

506 3018 688 3104 diligenter
704 3016 968 3094 observandum,
987 3038 1029 3082 ne
1045 3017 1136 3081 levia
1152 3018 1263 3101 primo
1280 3017 1353 3082 loco
1370 3025 1545 3101 ponantur
1561 3039 1671 3102 neque
1688 3017 1808 3082 infimo
1824 3017 1946 3102 cuique

507 3132 656 3209 patrono
680 3144 784 3189 causa
810 3123 909 3189 initio
934 3124 1167 3208 permittatur.
1194 3124 1249 3187 Ab
1275 3123 1338 3187 hac
1364 3123 1515 3189 vicissim
1541 3126 1586 3189 ad
1611 3133 1721 3189 artem
1747 3123 1947 3210 regreditur,

506 3232 605 3298 cuius
627 3239 812 3317 praecepta
833 3231 868 3296 in
890 3230 1055 3297 orationis
1084 3231 1242 3315 partibus
1276 3238 1457 3308 monstrat,
1495 3231 1771 3317 singularumque
1802 3231 1950 3296 virtutes

507 3339 647 3404 indicat.
704 3339 795 3403 Nam
835 3338 1035 3412 Exordium,
1061 3338 1156 3423 quod
1194 3338 1403 3424 cogitatione
1430 3339 1516 3403 solet
1557 3360 1628 3403 esse
1665 3348 1877 3422 postremum
1914 3346 1948 3403 et

510 3446 718 3511 tractatione
738 3446 785 3510 sit
806 3446 966 3530 primum,
989 3453 1231 3528 comparatum
1252 3466 1323 3509 esse
1345 3445 1448 3510 debet
1470 3445 1515 3509 ad
1536 3446 1787 3520 Attentionem,
1811 3446 1856 3509 ad
1879 3446 1947 3511 Do·

505 3554 686 3630 uilitatem,
710 3552 755 3617 ad
778 3549 1071 3616 Benevolentiam.
1100 3552 1223 3637 ltaque
1245 3572 1370 3637 magna
1393 3552 1428 3616 in
1451 3553 1513 3617 hoc
1537 3553 1582 3616 ab
1604 3554 1748 3618 Oratore
1771 3552 1948 3638 diligentia

507 3660 701 3745 requiritur,
721 3666 760 3723 ut
780 3680 821 3723 ex
839 3659 921 3743 ipsis
936 3659 1037 3743 quasi
1054 3658 1241 3723 visceribus
1258 3679 1362 3723 causa
1380 3666 1546 3723 sumatur.
1568 3660 1783 3724 Narrationis
1801 3659 1948 3723 virtutes

505 3775 601 3832 sunt:
634 3766 803 3841 Brevitas,
835 3766 1076 3849 Perspicuitas,
1108 3764 1338 3829 Probabilitas
1367 3772 1401 3830 et
1436 3766 1648 3830 iucunditas.
1681 3765 1747 3830 Sed
1776 3766 1947 3831 Antonius

446 3920 449 3927 -
507 3873 689 3938 brevitatis
716 3881 899 3956 praecepta
929 3872 1137 3937 Graecorum
1165 3872 1281 3936 irridet
1310 3872 1472 3947 suaviter,
1501 3874 1563 3937 hac
1593 3873 1627 3937 in
1655 3892 1689 3936 re
1716 3873 1861 3957 vestigia
1895 3872 1947 3935 sui

507 3980 662 4065 magistri
686 3980 879 4044 Aristotelis
902 3986 1050 4043 secutus,

619 4086 811 4170 Propositio
832 4085 952 4150 statim
975 4086 1174 4150 Narrationi
1196 4095 1247 4150 est
1269 4086 1519 4171 subiungenda,
1539 4086 1704 4171 quoniam
1725 4085 1947 4169 principalem

502 4193 743 4278 quaestionem
760 4193 915 4258 continet
935 4201 970 4257 et
990 4201 1041 4257 est
1061 4192 1199 4257 initium
1218 4192 1290 4257 sive
1309 4192 1588 4259 Confirmationis
1613 4193 1684 4257 sive
1705 4191 1948 4265 Refutationis,

507 4301 541 4364 in
570 4300 695 4384 quibus
726 4308 1005 4385 argumentorum
1036 4299 1233 4375 Collocatio,
1265 4299 1307 4363 de
1334 4320 1404 4384 qua
1435 4299 1503 4364 iam
1533 4299 1631 4375 dixit,
1663 4299 1850 4365 maximam
1879 4298 1950 4361 vim

507 4408 623 4471 habet.
649 4407 844 4490 Verumque
871 4407 953 4470 haec
980 4406 1097 4471 omnia
1122 4406 1327 4471 iudiciorum
1354 4413 1493 4471 tantum
1518 4407 1691 4471 videntur.
1718 4407 1949 4490 Quamobrem

505 4521 541 4578 et
578 4514 785 4598 reliquorum
820 4512 967 4578 duorum
1004 4512 1278 4578 Demonstrativi
1326 4520 1429 4597 atque
1478 4513 1706 4580 Deliberativi
1742 4512 1951 4577 mentionem

507 4620 602 4695 facit,
631 4641 700 4683 non
728 4629 803 4684 tam
829 4627 869 4684 ut
896 4619 1031 4696 doceat,
1056 4618 1232 4703 quomodo
1259 4619 1294 4683 in
1323 4619 1374 4683 his
1400 4619 1622 4684 collocandae
1649 4619 1719 4683 sint
1746 4617 1948 4691 sententiae,

502 4748 610 4810 quam
626 4735 666 4791 ut
683 4726 843 4791 ostendat
860 4727 1002 4791 modum
1018 4725 1185 4790 suadendi
1196 4734 1230 4790 et
1242 4724 1473 4803 dissuadendi,
1486 4725 1650 4790 laudandi
1666 4732 1701 4789 et
1717 4724 1947 4808 vituperandi.

505 4834 594 4898 Cum
617 4834 708 4899 enim
731 4833 1027 4898 Deliberationum
1049 4832 1115 4897 loci
1138 4853 1256 4897 omnes
1278 4832 1471 4898 referantur
1493 4833 1538 4898 ad
1560 4833 1788 4907 honestatem,
1809 4831 1949 4916 quando

505 4940 600 5023 apud
627 4940 736 5005 claros
768 4939 922 5004 homines
942 4939 1098 5015 dicimus,
1119 4940 1174 5004 vel
1195 4938 1239 5003 ad
1260 4939 1459 5015 utilitatem,
1477 4939 1618 5024 quando
1638 4938 1806 5023 imperitis
1826 4938 1949 5003 damus

504 5047 659 5123 consilia,
682 5056 757 5112 tum
778 5047 845 5111 illic
860 5047 1032 5112 virtutum
1053 5054 1158 5131 atque
1173 5046 1347 5121 vitiorum,
1370 5046 1423 5110 hic
1440 5055 1558 5111 autem
1577 5046 1849 5118 commodorum,
1872 5054 1948 5111 tum

506 5154 667 5236 corporis,
700 5162 777 5217 tum
808 5153 967 5218 fortunae
999 5162 1033 5217 et
1065 5154 1315 5218 contrariorum
1348 5152 1643 5219 incommodorum
1666 5153 1718 5216 vis
1738 5152 1946 5227 dominatur,

501 5260 631 5344 quibus
656 5260 890 5344 adiunguntur
913 5281 1050 5345 quoque
1077 5260 1251 5345 possibilia
1278 5268 1311 5324 et
1339 5258 1574 5345 impossibilia,
1603 5260 1792 5323 necessaria
1818 5268 1852 5323 et
1880 5280 1947 5323 non

507 5366 705 5431 necessaria.
743 5367 788 5431 Et
819 5368 984 5451 quoniam
1018 5367 1313 5433 Deliberationum
1348 5366 1491 5432 materia
1526 5373 1697 5430 tractatur
1730 5366 1947 5449 potissimum

506 5474 562 5538 vel
586 5474 622 5538 in
646 5483 768 5538 senatu
792 5475 847 5537 vel
872 5474 907 5537 in
930 5474 1090 5544 comitiis,
1116 5474 1182 5537 illic
1207 5482 1322 5537 censet
1348 5473 1583 5538 adhibendum
1608 5473 1721 5537 minus
1747 5479 1946 5535 accuratum
