4617 6575
539 938 679 1003 tametsi
704 938 739 1001 id
765 939 923 1003 omnibus
949 937 1060 1003 modis
1085 938 1276 1003 dissimulet
1302 946 1337 1003 et
1350 939 1530 1004 scientiam
1559 939 1709 1004 Graecae
1735 941 1870 1026 linguae
1897 944 1978 1007 arti-

539 1044 689 1108 ficiosius
717 1051 830 1131 tegere
858 1053 962 1130 atque
990 1045 1163 1110 occultare
1190 1053 1342 1110 conetur.
1373 1046 1509 1111 Tertius
1538 1047 1683 1132 denique
1712 1067 1822 1114 sermo
1863 1070 1979 1133 pome-

538 1151 708 1217 ridianam
740 1151 1012 1236 disputationem
1043 1152 1154 1216 Crassi
1188 1153 1343 1217 continet
1376 1153 1418 1216 de
1451 1153 1654 1218 Elocutione
1687 1161 1791 1238 atque
1825 1153 1979 1220 Pronun-

537 1257 682 1323 tiatione
713 1279 754 1322 ex
787 1258 943 1324 doctrina
975 1259 1103 1343 partim
1135 1259 1329 1323 Aristotelis
1360 1259 1488 1344 partim
1524 1261 1684 1324 Isocratis
1724 1263 1887 1345 petitam;
1918 1263 1977 1328 sed

538 1371 655 1430 tamen
677 1372 820 1449 propter
841 1365 1091 1431 authoritatem
1114 1386 1278 1449 personae
1301 1367 1412 1430 Crassi
1446 1367 1557 1431 multa
1579 1367 1627 1431 ibi
1650 1368 1845 1452 etquidem
1867 1370 1977 1454 priore

535 1472 611 1535 loco
634 1471 679 1536 ad
701 1473 1037 1538 commendationem
1062 1472 1288 1556 Eloquentiae
1312 1473 1529 1538 adhibentur.

647 1597 775 1674 Habes,
797 1598 925 1673 carole,
947 1597 1083 1662 aditum
1102 1597 1317 1680 patefactum
1338 1603 1372 1661 et
1393 1597 1533 1662 ianuam
1565 1607 1721 1682 apertam
1745 1599 1789 1662 ad
1810 1600 1976 1665 Ciceronis

536 1722 710 1769 sermones
724 1704 767 1768 de
782 1705 938 1779 Oratore,
954 1704 1005 1768 ita
1019 1710 1070 1780 ut,
1086 1703 1272 1787 mediocri1)
1290 1704 1413 1769 saltem
1428 1703 1584 1768 adhibita
1600 1703 1776 1790 diligentia
1791 1705 1825 1770 in
1840 1707 1977 1790 privato

535 1808 662 1885 studi0‚
688 1831 815 1894 magno
838 1832 918 1875 cum
943 1811 1058 1874 fructu
1083 1810 1221 1875 eosdem
1245 1811 1354 1895 legere
1379 1811 1497 1894 possis,
1524 1811 1552 1874 si
1578 1819 1716 1877 tanturn
1749 1819 1801 1876 est
1827 1813 1890 1877 tibi
1916 1814 1975 1878 otii

535 1936 556 1982 a
576 1915 753 1993 Bartholo,
775 1938 796 1980 a
816 1917 936 1993 Baldo,
958 1938 979 1981 a
1003 1917 1133 1992 Iasone,
1163 1918 1207 1980 ab
1227 1916 1301 2000 ipso
1321 1917 1466 2000 denique
1491 1918 1692 1993 Iustiniano,
1713 1926 1752 1982 ut
1773 1919 1878 1985 etiam
1898 1921 1975 1984 huic

536 2022 571 2088 iu
594 2030 668 2087 arte
692 2024 826 2088 dicendi
848 2024 1013 2110 magistro
1035 2023 1331 2107 praestantissimo
1354 2045 1470 2089 aurem
1493 2024 1666 2090 interdum
1691 2025 1885 2091 admoveas,
1912 2027 1977 2091 Sed

532 2129 696 2213 quoniam
707 2138 823 2216 partes
836 2130 986 2195 doctoris
999 2130 1083 2196 mihi
1096 2129 1263 2215 sumpsi,¹)
1279 2129 1358 2194 licet
1369 2130 1404 2193 id
1415 2132 1476 2194 abs
1490 2137 1524 2194 te
1538 2131 1621 2196 mihi
1636 2152 1703 2196 non
1716 2132 1760 2196 sit
1771 2132 1976 2210 iniunctum,

535 2242 569 2300 et
583 2236 666 2320 quia
683 2244 732 2313 tu,
750 2238 823 2301 sive
839 2238 913 2302 ioco
929 2237 1001 2301 sive
1017 2237 1104 2301 serio
1120 2237 1156 2300 id
1172 2236 1246 2312 fiat,
1264 2237 1401 2302 nomine
1420 2237 1649 2322 praeceptoris
1666 2259 1720 2304 me
1740 2239 1833 2322 apud
1850 2240 1977 2305 amicos

534 2342 668 2427 dignari
699 2344 874 2411 interdum
906 2344 1042 2420 videris,
1076 2351 1242 2428 paterere,
1279 2364 1417 2427 quaeso,
1451 2351 1490 2408 ut
1523 2345 1702 2429 paululum
1746 2346 1872 2410 abutar
1917 2355 1978 2411 tua

534 2450 704 2535 patientia
730 2459 776 2528 et,
798 2451 891 2535 quod
914 2450 1014 2535 quasi
1031 2451 1066 2514 in
1092 2471 1247 2535 pugnum
1272 2450 1439 2526 contraxi,
1467 2451 1502 2513 id
1527 2451 1677 2517 vicissim
1704 2452 1767 2516 tibi
1793 2452 1827 2515 in
1853 2473 1975 2518 manus

536 2556 697 2622 diductae
722 2565 756 2622 et
779 2578 950 2643 expansae
983 2557 1193 2642 quibusdam
1236 2557 1454 2622 lineamentis
1489 2556 1680 2623 ostendam.
1720 2559 1856 2623 Ducam
1885 2559 1976 2626 enim

535 2670 570 2727 te
598 2682 660 2747 per
687 2663 838 2749 singulos
865 2665 989 2728 horum
1016 2684 1213 2727 sermonum
1241 2663 1345 2726 libros
1386 2670 1421 2727 et
1448 2664 1483 2727 in
1512 2665 1559 2727 eis
1584 2664 1683 2748 quasi
1715 2666 1836 2729 Thesei
1864 2665 1974 2742 filum,

535 2770 739 2835 methodum
772 2778 806 2835 et
840 2771 1004 2847 ordinem,
1034 2779 1111 2834 tum
1153 2769 1268 2834 omnia
1302 2770 1546 2853 disputationis
1577 2771 1694 2854 capita
1728 2771 1792 2835 tibi
1823 2774 1974 2836 conabor

534 2897 603 2940 non
629 2877 809 2960 explicare,
837 2878 896 2941 sed
922 2877 1045 2942 saltem
1071 2877 1222 2941 indicare
1249 2884 1282 2940 et
1309 2897 1517 2952 enumerare,
1545 2886 1583 2940 ut
1610 2897 1718 2960 parvo
1738 2878 1817 2941 licet
1834 2887 1973 2956 conatu,

534 3003 659 3068 magno
686 2992 804 3048 tamen
830 3004 987 3048 successu
1013 3003 1055 3047 ex
1081 2984 1138 3047 illo
1164 2981 1363 3068 labyrintho
1389 2983 1460 3046 sive
1486 2983 1703 3049 difficultatis
1729 2983 1801 3048 sive
1827 2986 1975 3049 obscuri-

534 3090 617 3153 tatis
638 3090 778 3167 evadas,
797 3112 906 3175 quam
926 3090 1064 3174 plurimi
1086 3098 1213 3174 putant
1236 3091 1270 3153 in
1291 3089 1344 3152 his
1364 3089 1468 3165 libris,
1485 3099 1518 3153 et
1532 3097 1714 3174 propterea
1735 3111 1791 3154 eos
1811 3112 1833 3154 a
1853 3092 1975 3156 scholis

533 3204 638 3280 atque
667 3197 863 3262 Academiis
892 3198 1010 3281 procul
1039 3198 1201 3281 relegant.
1234 3197 1308 3262 Hoc
1338 3197 1366 3260 si
1396 3197 1609 3280 praestitero,
1641 3197 1782 3260 habebis
1811 3197 1847 3261 id
1876 3219 1975 3262 omne

532 3304 660 3387 scripto
681 3306 970 3389 comprehensum
987 3313 1022 3369 et
1041 3305 1140 3388 quasi
1154 3305 1189 3368 in
1204 3304 1332 3369 tabella
1355 3306 1399 3367 ob
1421 3306 1536 3368 oculos
1558 3305 1710 3388 positum
1731 3305 1766 3367 in
1787 3325 1975 3388 paucarum

533 3412 694 3475 horarum
738 3412 855 3496 spatio
902 3412 946 3476 ad
980 3411 1265 3497 cognoscendum,
1298 3410 1393 3495 quod
1427 3432 1495 3474 una
1542 3432 1636 3487 voce,
1683 3411 1975 3495 quemadmodum

529 3518 707 3601 quondam
736 3519 876 3603 petiisse
905 3518 1089 3593 videbaris,
1121 3518 1156 3581 in
1188 3518 1305 3581 multis
1337 3518 1510 3581 mensibus
1531 3538 1598 3581 non
1621 3518 1801 3581 efficerem.
1834 3518 1977 3602 Quodsi,

532 3630 717 3709 postquam
742 3626 933 3710 perlegeris,
961 3624 1215 3689 animadvertes
1239 3625 1339 3709 longe
1364 3625 1440 3707 plus
1466 3633 1647 3707 promptae
1671 3624 1864 3689 voluntatis
1890 3625 1973 3688 mihi

531 3730 682 3795 adfuisse
709 3731 745 3795 in
772 3731 1008 3815 promittendo
1032 3752 1139 3816 quam
1167 3731 1343 3796 facultatis
1371 3731 1406 3793 in
1433 3729 1642 3821 perficienda
1682 3752 1718 3795 re
1746 3738 1819 3795 tam
1847 3751 1974 3816 magna

532 3845 567 3902 et
597 3845 671 3902 tam
699 3840 887 3921 praeclara,
919 3838 1120 3922 praesertim
1149 3859 1230 3901 cum
1258 3838 1363 3901 libros
1405 3836 1607 3901 iamdudum
1638 3838 1671 3901 in
1703 3838 1862 3902 manibus
1903 3858 1973 3901 non

532 3944 714 4009 habuerim
729 3952 765 4009 et
781 3946 817 4009 in
833 3946 897 4009 hac
913 3966 1049 4010 summa
1064 3966 1178 4009 rerum
1194 3965 1347 4009 mearum
1373 3944 1631 4027 perturbatione
1648 3953 1751 4027 atque
1768 3944 1975 4009 difficultate

531 4050 667 4115 animus
692 4052 952 4136 quodammodo
980 4073 1000 4116 a
1026 4051 1149 4116 studiis
1177 4052 1338 4115 videatur
1365 4071 1436 4115 esse
1463 4050 1643 4125 alienatus,
1672 4050 1735 4115 erit
1764 4058 1844 4114 tuae
1869 4050 1974 4114 comi-

532 4158 625 4233 tatis,
658 4158 747 4223 hanc
776 4159 848 4222 sive
876 4158 1057 4223 audaciam
1083 4159 1155 4222 sive
1184 4158 1416 4222 temeritatem
1443 4157 1477 4221 in
1506 4158 1632 4221 bonam
1661 4157 1812 4240 accipere
1839 4164 1974 4241 partem

531 4285 713 4349 meamque
743 4266 814 4329 sive
845 4265 1088 4351 negligentiam
1109 4265 1181 4329 sive
1202 4264 1409 4328 tenuitatem
1432 4264 1481 4328 ita
1502 4264 1667 4336 incusare,
1691 4270 1730 4328 ut
1752 4263 1973 4328 nihilominus

528 4372 635 4436 etiarn
659 4372 693 4435 in
717 4393 782 4448 me,
804 4371 978 4457 quomodo
1001 4372 1036 4435 in
1059 4371 1143 4447 aliis,
1169 4371 1204 4434 id
1227 4372 1352 4435 habere
1375 4370 1482 4453 possit
1506 4370 1633 4434 locum:

790 4523 839 4588 Ut
863 4524 975 4588 desint
999 4524 1099 4599 vires,
1124 4531 1242 4587 tamen
1266 4529 1317 4586 est
1341 4520 1516 4585 laudanda
1539 4521 1711 4585 voluntas

528 4662 574 4748 'el
592 4662 618 4754 ll
640 4673 706 4738 Sed
725 4674 795 4738 iam
816 4674 861 4738 ad
884 4675 1035 4757 primum
1064 4695 1257 4739 sermonem
1287 4672 1500 4747 accedamus,
1533 4679 1571 4735 ut
1600 4669 1716 4755 quoad
1747 4670 1822 4734 fieri
1852 4670 1971 4755 possit,

528 4765 662 4864 singula
682 4780 926 4865 disputationis
943 4782 1061 4866 capita
1089 4801 1276 4865 eorumque
1308 4779 1461 4843 ordinem
1494 4778 1687 4841 accuratius
1714 4798 1970 4863 cognoscamus.

636 4922 747 4986 Primi
765 4923 861 4987 libri
886 4923 1054 4989 Ciceronis
1074 4926 1111 4987 de
1128 4923 1261 4987 Oratore
1279 4922 1322 4985 ad
1340 4922 1377 5005 Q.
1397 4922 1531 5002 fratrem
1549 4928 1779 5004 argumentum
1797 4920 1972 5005 euporius

529 5028 564 5091 H
566 5028 740 5113 ypothesis.

638 5156 722 5221 Tres
753 5161 834 5218 sunt
867 5163 982 5237 partes
1013 5155 1194 5218 universae
1235 5153 1335 5217 huius
1376 5152 1619 5236 disputationis
1650 5152 1692 5215 de
1724 5150 1856 5215 ratione
1887 5152 1973 5215 bene

529 5258 664 5324 dicendi
687 5266 721 5323 et
742 5260 777 5323 in
795 5262 919 5344 quovis
932 5262 1020 5324 libro
1034 5261 1315 5325 considerandae:
1351 5260 1538 5334 exordium,
1554 5259 1588 5321 in
1607 5279 1677 5342 quo
1696 5258 1812 5322 Cicero
1832 5277 1972 5322 causam

643 5460 664 5529 ¹)
688 5460 761 5513 Cod.
783 5461 941 5515 mediocre.

644 5549 665 5619 ¹)
689 5548 762 5602 Cod.
784 5549 887 5603 sumsi.
