4617 6575
1059 716 1092 768 19

351 959 458 1023 genus
494 937 641 1015 dicendi,
677 938 732 1003 hic
768 947 886 1005 autem
922 938 1142 1024 explicandos
1178 960 1296 1004 omnes
1331 940 1510 1004 thesauros
1558 941 1794 1025 Eloquentiae.

350 1046 557 1130 Quanquam
596 1053 715 1111 autem
752 1066 857 1130 supra
894 1047 1218 1112 Demonstrativum
1255 1067 1362 1132 genus
1398 1054 1664 1131 contempserat,
1701 1049 1795 1134 quod

352 1151 514 1235 perfacile
548 1161 637 1218 esset
671 1174 840 1237 usumque
874 1153 909 1218 in
943 1154 1101 1218 civilibus
1134 1153 1377 1218 controversiis
1411 1155 1584 1239 haberet1)
1622 1156 1794 1234 rariorem,

352 1269 470 1324 tamen
488 1260 589 1343 quasi
618 1260 722 1324 certis
752 1260 981 1325 adduceretur
1000 1260 1122 1336 causis,
1143 1261 1208 1325 hoc
1228 1261 1304 1325 loco
1325 1259 1411 1325 illud
1430 1261 1705 1344 praetermittere
1725 1283 1794 1328 non

351 1366 473 1430 voluit.
487 1366 655 1431 Rationes
672 1366 839 1432 laudandi
857 1367 995 1433 easdem
1013 1388 1119 1451 prope
1137 1366 1261 1444 adfert,
1278 1387 1365 1452 quas
1383 1367 1425 1432 de
1443 1367 1620 1432 suadendo
1638 1368 1794 1446 tradidit,

239 1482 243 1487 “
351 1472 520 1556 siquidem
549 1493 591 1537 ex
618 1473 731 1538 tribus
758 1474 938 1559 generibus
965 1476 1134 1539 bonorum
1162 1474 1390 1539 deducantur:
1420 1474 1546 1550 Animi,
1576 1475 1733 1558 Corporis
1760 1482 1795 1540 et

353 1579 538 1655 Fortunae,
568 1580 746 1664 adquam
774 1600 847 1646 rem
874 1581 1025 1666 cognitio
1053 1581 1193 1645 Moralis
1222 1580 1460 1664 Philosophiae
1489 1581 1656 1665 imprimis
1672 1589 1723 1646 est
1738 1602 1796 1646 ne·

350 1686 507 1751 cessaria.
536 1687 706 1752 Absoluta
732 1688 890 1752 doctrina
915 1688 1157 1754 Collocationis
1183 1687 1376 1764 Memoriae,
1400 1708 1489 1772 quae
1515 1695 1689 1772 postrema
1716 1710 1797 1773 pars

351 1801 403 1858 est
417 1793 637 1860 Antonianae
651 1793 907 1877 disputationis,
933 1794 1129 1880 aggreditur
1152 1800 1274 1871 artem,
1299 1795 1397 1859 cuius
1420 1795 1660 1880 inventorem)
1688 1795 1795 1861 Simo-

351 1899 468 1964 nidem
490 1900 586 1965 lacit.

461 2024 589 2089 Verum
609 2025 665 2088 ille
686 2024 786 2091 docet
806 2025 906 2089 initio
927 2025 1129 2091 Memoriam
1147 2033 1274 2090 natura
1294 2025 1473 2110 procreari,
1495 2026 1652 2091 doctrina
1671 2027 1796 2092 nutriri

351 2137 385 2194 et
426 2131 672 2196 exercitatione
709 2132 916 2197 confirmari.
957 2133 1128 2216 Deinceps
1166 2133 1367 2198 summatim
1406 2134 1546 2217 exponit
1588 2133 1796 2198 Graecorum

352 2245 538 2321 praecepta
565 2238 608 2302 de
635 2246 709 2303 arte
737 2239 919 2304 Memoriae
946 2246 980 2303 et
1007 2240 1161 2304 locorum
1188 2247 1407 2304 externorum
1434 2239 1689 2325 imaginumque
1715 2261 1795 2304 con·

354 2343 542 2409 stituenda.
566 2344 632 2409 Sed
652 2345 687 2409 in
707 2366 742 2409 re
762 2346 968 2432 pervulgata
986 2367 1056 2412 non
1074 2346 1153 2410 vult
1173 2366 1244 2410 esse
1264 2346 1399 2411 nimius.
1422 2347 1468 2410 Et
1485 2346 1547 2431 qui
1566 2346 1629 2410 hac
1649 2354 1722 2410 arte
1743 2346 1795 2411 uti

351 2450 447 2527 velit,
465 2451 493 2514 is
509 2451 613 2516 debet
629 2451 792 2516 adhibere
822 2452 899 2517 loca
914 2453 1036 2530 multa,
1052 2453 1208 2528 illustria,
1226 2453 1396 2536 explicata
1412 2453 1619 2538 modicisque
1635 2459 1795 2536 separata

352 2557 554 2622 intervallis:
584 2557 730 2643 denique
762 2559 928 2644 imagines
942 2567 1082 2644 oportet
1100 2581 1180 2624 eum
1198 2560 1323 2624 habere
1342 2568 1492 2645 agentes,
1512 2579 1616 2635 acres,
1635 2559 1794 2644 insignes

348 2684 437 2748 quae
466 2674 610 2749 possunt
639 2666 793 2730 celeriter
821 2686 1006 2742 occurrere,
1036 2674 1114 2731 tum
1136 2663 1291 2731 animum
1317 2667 1433 2731 subito
1452 2673 1639 2750 percutere.
1669 2666 1795 2750 Quem·

350 2771 540 2836 admodum
574 2781 693 2838 autem
728 2773 839 2838 oratio
873 2779 1011 2838 constat
1034 2795 1075 2837 ex
1098 2774 1199 2838 rebus
1222 2781 1257 2838 et
1279 2773 1404 2850 verbis,
1427 2773 1478 2837 ita
1500 2772 1584 2836 illud
1607 2773 1795 2840 artificium

350 2879 396 2941 ad
416 2878 498 2942 haec
520 2878 589 2944 duo
608 2887 661 2944 est
680 2879 1024 2945 accommodandum.
1044 2880 1145 2964 Quod
1165 2887 1284 2946 autem
1302 2880 1493 2965 imaginum
1512 2887 1586 2945 tam
1605 2879 1795 2944 multarum

351 2991 493 3069 tamque
526 2986 702 3053 variarum
738 2986 888 3071 pondere
915 2988 1080 3051 memoria
1105 3007 1217 3072 neque
1243 2995 1404 3051 oneretur
1430 3007 1539 3071 neque
1566 2988 1793 3071 opprimatur,

350 3093 386 3157 id
414 3093 572 3177 exemplo
602 3092 810 3177 Cameadis⁸l
843 3094 1061 3159 Atheniensis
1091 3101 1125 3158 et
1157 3094 1343 3160 Metrodori
1372 3093 1514 3160 Asiatici
1546 3097 1680 3178 probat.
1726 3094 1791 3158 Hic

351 3199 529 3287 igiturest
552 3200 636 3265 ordo
658 3200 903 3285 disputationis
926 3201 1068 3266 Antonii
1091 3201 1133 3264 de
1155 3201 1268 3265 tribus
1291 3201 1517 3287 Eloquentiae
1540 3201 1708 3285 partibus:
1737 3202 1794 3265 In-

350 3306 524 3383 ventione,
548 3307 778 3374 Collocatione
801 3314 835 3373 et
859 3309 1033 3385 Memoria,
1054 3330 1124 3394 qua
1146 3310 1306 3373 absoluta
1328 3308 1501 3373 Antonius
1522 3309 1661 3393 culpam
1682 3308 1793 3393 impu-

351 3414 490 3479 dentiae
519 3414 734 3498 deprecatur,
763 3423 804 3479 ut
832 3415 970 3480 laudem
998 3417 1145 3482 retineat
1169 3415 1368 3492 modestiae,
1394 3436 1465 3501 qua
1493 3416 1625 3480 ratione
1652 3436 1794 3481 causam

353 3522 414 3587 dat
433 3520 556 3586 Catulo
572 3522 626 3585 sui
640 3542 721 3586 curn
737 3542 863 3607 magna
890 3523 1080 3608 gratiarum
1096 3523 1230 3587 actione
1247 3522 1420 3587 laudandi.
1446 3522 1516 3587 Sub
1532 3522 1638 3586 linem
1654 3523 1795 3587 Crassus

354 3628 526 3692 invitatur
544 3627 588 3691 ad
606 3628 879 3713 pomeridianam
898 3628 1169 3714 disputationem
1188 3629 1230 3694 de
1248 3629 1384 3715 reliquis
1403 3629 1537 3693 duabus
1568 3628 1795 3714 Eloquentiae

353 3734 523 3819 partibus,
549 3734 752 3800 Elocutione
775 3743 810 3800 et
834 3735 990 3813 Actione,
1011 3757 1099 3821 quas
1122 3736 1234 3802 eidem
1258 3736 1428 3801 Antonius
1452 3736 1644 3821 reliquerat.

457 3897 552 3962 Libri
574 3898 648 3961 111.
675 3897 713 3961 de
734 3896 868 3962 Oratore
890 3896 1045 3981 Epitome
1068 3904 1097 3961 et
1120 3897 1207 3961 ordo.

456 4021 552 4105 Quae
580 4042 632 4085 res
660 4023 705 4086 ab
733 4021 885 4086 Antonio
913 4020 1051 4086 relictae
1078 4028 1161 4085 sunt
1189 4021 1278 4085 duae
1305 4028 1340 4085 et
1369 4020 1403 4083 in
1432 4019 1578 4083 dicendo
1604 4019 1793 4104 plurimum

347 4136 504 4212 possunt,
532 4130 597 4192 hae
624 4128 699 4206 tibi,
727 4129 856 4204 Carole‚
883 4128 918 4191 in
946 4127 1012 4192 isto
1038 4128 1132 4192 tertii
1158 4128 1237 4192 libri
1262 4126 1498 4211 pomeridiano
1524 4146 1679 4191 sermone
1705 4147 1726 4190 a
1753 4128 1790 4191 L.

347 4233 468 4300 Crasso
493 4235 710 4319 explicantur
729 4237 864 4300 ambae:
893 4234 1052 4299 Elocutio
1071 4242 1106 4298 et
1125 4233 1238 4309 Actio,
1262 4254 1410 4319 quarum
1433 4233 1541 4298 altera
1566 4232 1793 4319 Eloquentiae

348 4341 409 4405 dat
432 4362 568 4417 nomen,
591 4342 700 4406 altera
722 4362 805 4407 vero
826 4342 936 4406 eidem
964 4341 1171 4427 dignitatem
1199 4340 1320 4406 adlert.
1352 4340 1425 4404 Nisi
1453 4340 1544 4404 enim
1569 4340 1646 4425 quis
1673 4339 1791 4416 latine,

348 4446 413 4511 nisi
428 4456 557 4532 aperte,
574 4448 640 4513 nisi
655 4456 786 4526 ornate,
802 4448 868 4513 nisi
884 4448 990 4524 adid,
1006 4449 1049 4512 de
1061 4469 1131 4533 quo
1147 4448 1271 4533 agitur,
1288 4454 1368 4532 apte
1384 4447 1519 4523 dixerit,
1535 4446 1570 4511 in
1585 4446 1792 4511 disertorum

346 4575 489 4619 numero
520 4555 700 4640 ponendus
730 4576 801 4619 non
825 4555 902 4619 erit:
939 4562 1079 4620 tantum
1121 4556 1230 4630 abest,
1269 4562 1308 4619 ut
1334 4554 1421 4618 citra
1458 4553 1793 4639 impudentissimam

346 4662 580 4748 arrogantiam
603 4682 729 4726 nomen
753 4661 945 4747 eloquentis
967 4661 1032 4726 sibi
1055 4661 1257 4745 vindicare)
1284 4661 1385 4726 ausit.

456 4806 551 4869 Haec
581 4813 699 4870 tamen
728 4804 845 4869 omnia
872 4804 1013 4889 perinde
1042 4811 1143 4868 erunt
1173 4812 1277 4889 atque
1306 4811 1461 4889 agentur.
1501 4804 1627 4868 Orator
1662 4802 1791 4887 itaque,

344 4912 572 4997 quantumvis
592 4912 770 4989 excellens,
793 4912 865 4976 sine
884 4910 1030 4975 Actione
1058 4911 1093 4974 in
1120 4931 1264 4975 numero
1292 4911 1409 4975 haberi
1438 4910 1523 4973 solet
1552 4909 1656 4985 nu110,
1686 4908 1792 4973 medi-

460 5115 480 5183 1)
503 5113 577 5167 Cod.
599 5112 723 5167 babeat.

458 5204 481 5272 ¹)
503 5203 576 5256 Cod.
597 5202 716 5265 artem*
734 5218 791 5273 pro
809 5199 1030 5265 ,inventorem'.
1060 5200 1118 5253 Sed
1137 5198 1175 5253 cl.
1197 5200 1233 5252 de
1252 5214 1294 5253 or.
1318 5200 1372 5263 11,
1393 5200 1438 5263 86,
1460 5214 1526 5268 351:
1547 5198 1677 5269 gratiam
1695 5198 1794 5251 habeo

345 5290 492 5345 Simonidi
501 5292 544 5345 illi
553 5293 622 5355 Ceo,
631 5307 723 5361 quem
743 5292 876 5362 primum
896 5290 999 5344 ferunt
1020 5295 1117 5343 artem
1137 5288 1300 5343 memoriae
1322 5289 1490 5359 protulisse.

459 5384 480 5449 ⁸)
503 5381 549 5434 De
561 5397 604 5435 or.
620 5381 675 5444 11,
688 5380 735 5443 88,
748 5381 814 5449 360:
825 5380 897 5433 Vidi
908 5379 988 5435 enim
1001 5394 1057 5448 ego
1078 5394 1213 5431 summos
1223 5377 1362 5432 homines
1373 5385 1405 5431 et
1416 5378 1521 5431 diviua
1532 5393 1626 5448 prope
1637 5376 1792 5439 memoria,

343 5471 471 5524 Athenis
489 5470 697 5531 Charmadam,
720 5470 752 5522 in
765 5470 847 5533 Asia,
865 5485 958 5540 quem
977 5469 1080 5521 vivere
1098 5468 1188 5520 hodie
1208 5468 1304 5531 aiunt,
1326 5466 1481 5537 Scepsium
1506 5466 1715 5520 Metrodorum
1734 5470 1792 5518 etc.

459 5564 478 5627 ⁴)
502 5561 575 5614 Cod.
597 5560 767 5615 vendicare.

1636 5664 1678 5715 28
