4617 6575
1052 637 1084 689 l'l

343 868 548 935 extremum,
569 859 702 944 Quibus
719 858 872 923 iocorum
884 859 1064 942 generibus
1085 858 1130 922 sit
1152 859 1184 922 ei
1204 859 1382 923 utendum.
1409 859 1539 924 Primas
1561 861 1647 926 duas
1669 863 1789 941 reiicit,

345 975 514 1050 tanquam
538 986 558 1030 a
580 987 643 1030 suo
665 965 828 1030 instituto
850 965 979 1030 alienas
1002 973 1037 1029 et
1061 965 1287 1048 Physicorum
1309 967 1475 1048 proprias:
1500 967 1586 1032 duas
1609 978 1790 1053 sequentes

345 1075 496 1138 breviter
521 1073 720 1158 perstringit
746 1080 992 1158 enumeratque
1017 1092 1139 1137 causas
1164 1072 1327 1137 movendi
1367 1072 1454 1136 risus
1492 1075 1536 1138 ab
1576 1075 1719 1141 Oratore
1734 1127 1737 1133 ,
1754 1087 1790 1142 et

345 1181 487 1245 modum
501 1180 573 1244 eius
589 1179 718 1262 partim
737 1179 917 1244 hominum
933 1179 1103 1264 qualitate
1123 1179 1251 1261 partim
1272 1200 1384 1243 rerum
1404 1200 1525 1264 genere
1545 1181 1678 1258 definit,
1700 1206 1789 1269 quae

344 1288 506 1352 nimirum
531 1286 721 1351 irrisionem
734 1293 918 1351 merentur.
939 1287 980 1350 ln
994 1292 1170 1369 postrema
1182 1285 1373 1350 diutissime
1390 1296 1625 1353 commoratur
1649 1290 1791 1356 dividit-

340 1414 408 1479 que
432 1415 557 1480 genera
581 1392 803 1458 ridiculorum
828 1393 863 1456 in
888 1393 957 1457 duo
981 1393 1108 1476 capita,
1131 1413 1220 1478 quae
1243 1394 1299 1457 vel
1323 1393 1357 1456 in
1378 1413 1412 1458 re
1437 1401 1517 1458 sunt
1533 1395 1588 1459 vel
1612 1395 1647 1460 in
1672 1399 1787 1463 verbe.

347 1501 389 1565 In
405 1501 513 1564 verbo
531 1499 713 1564 ridiculum
730 1507 795 1564 est:
814 1521 894 1564 curn
912 1507 973 1564 aut
992 1499 1155 1584 ambigua
1171 1501 1278 1564 verba
1295 1507 1376 1565 sunt
1395 1508 1455 1564 aut
1471 1501 1657 1568 immutata
1674 1503 1792 1568 simili-

345 1608 476 1685 tudine,
497 1615 559 1672 aut
576 1627 658 1671 cum
676 1607 824 1672 nominis
842 1613 895 1670 est
914 1606 1164 1689 interpretatio,
1186 1613 1246 1671 aut
1265 1628 1345 1671 curn
1364 1627 1482 1672 versus
1501 1608 1643 1673 alicuius
1663 1611 1790 1676 Poetae

344 1715 530 1779 adducitur
545 1714 655 1778 facete
670 1714 726 1777 vel
740 1722 837 1779 totus
851 1714 906 1778 vel
921 1714 1128 1778 immutatus
1142 1713 1257 1797 aliqua
1273 1721 1381 1796 parte,
1399 1722 1460 1778 aut
1475 1735 1555 1780 cum
1569 1718 1791 1798 proverbium

343 1823 526 1904 profertur,
548 1821 668 1905 inquo
685 1821 871 1885 verborum
892 1821 936 1884 sit
958 1821 1072 1905 aliqua
1092 1821 1214 1895 virtus,
1237 1828 1298 1885 aut
1319 1842 1399 1885 cum
1422 1821 1466 1884 ad
1489 1823 1634 1887 verbum
1654 1844 1722 1889 non
1745 1825 1789 1888 ad

343 1928 553 1993 sententiam
576 1927 812 2010 respondetur,
832 1934 893 1991 aut
907 1948 988 1991 curn
1011 1927 1207 1993 orationum
1229 1936 1264 1991 et
1285 1929 1471 1994 verborum
1493 1929 1537 1993 sit
1560 1932 1790 1996 commutatio

344 2043 405 2099 aut
426 2034 610 2099 translatio
630 2041 692 2098 aut
712 2034 860 2099 inversio
895 2041 957 2098 aut
976 2034 1228 2099 contrariorum
1248 2035 1433 2100 verborum
1455 2035 1584 2100 relatio.
1611 2036 1651 2101 ln
1672 2057 1707 2101 re
1727 2046 1788 2102 aut

343 2147 426 2206 sunt
443 2141 588 2205 ridicula
604 2147 667 2204 aut
684 2141 837 2206 narratio
853 2141 1011 2205 fabulosa
1027 2140 1083 2204 vel
1099 2147 1177 2204 tota
1192 2142 1248 2205 vel
1264 2142 1378 2225 aliqua
1389 2163 1430 2206 ex
1441 2150 1552 2225 parte:
1572 2149 1648 2208 turn
1664 2144 1788 2228 imag0,

343 2256 420 2312 turn
446 2246 675 2331 amplificatio
700 2255 734 2311 et
761 2247 961 2312 immutatio
986 2247 1205 2323 incredibilis,
1245 2255 1321 2313 tum
1348 2256 1470 2333 arguta
1510 2249 1716 2334 significatio
1742 2251 1789 2315 rei

343 2356 485 2419 latentis
509 2364 544 2419 et
569 2355 745 2426 obscurae,
772 2363 848 2419 tum
872 2353 1111 2429 dissimulatio
1138 2361 1214 2418 tum
1239 2355 1384 2419 verbum
1409 2357 1456 2420 rei
1480 2355 1693 2434 inhonestae,
1713 2364 1791 2422 turn

342 2467 462 2528 contra
485 2461 780 2545 exspectationem
801 2462 987 2546 responsio
1008 2467 1085 2526 tum
1109 2461 1348 2526 coniecturalis
1374 2462 1459 2527 salsa
1481 2463 1689 2546 explanatio,
1714 2471 1791 2529 tum

342 2569 431 2634 bella
443 2568 671 2652 reprehensio,
683 2572 761 2632 turn
774 2568 953 2633 familiaris
965 2568 1167 2644 admonitio
1181 2573 1257 2633 tum
1272 2569 1403 2633 dictum
1417 2575 1697 2646 consentaneum,
1712 2577 1791 2635 turn

342 2672 473 2762 aliquid
493 2696 562 2739 non
590 2682 839 2760 exspectatum,
863 2682 939 2739 turn
963 2675 1145 2752 concessio,
1171 2682 1247 2739 turn
1276 2675 1410 2758 optatio
1432 2675 1491 2752 rei,
1514 2696 1602 2760 quae
1624 2675 1698 2741 fieri
1721 2697 1791 2744 non

342 2789 469 2866 potest,
495 2790 571 2847 tum
592 2782 767 2864 responsio
787 2782 879 2846 laeta
900 2781 947 2845 rei
967 2781 1131 2866 ingratae.
1157 2781 1202 2844 Hi
1222 2788 1303 2845 sunt
1333 2782 1408 2857 loci,
1440 2803 1481 2846 ex
1511 2783 1638 2866 quibus
1670 2783 1791 2867 depro-

341 2896 486 2953 muntur
515 2887 707 2953 sententiae
738 2888 899 2953 ridiculae
916 2887 961 2952 ad
974 2887 1205 2952 conciliandos
1236 2888 1434 2954 auditorum
1465 2889 1598 2954 animos
1628 2890 1790 2966 directae,

339 3016 428 3080 quae
453 3003 529 3060 turn
553 2996 695 3059 demum
720 2995 917 3071 laudantur,
943 2996 972 3059 si
995 3014 1105 3080 neque
1129 2995 1256 3059 nimiae
1280 2995 1348 3060 sint
1374 3016 1483 3080 neque
1507 2997 1662 3061 scurriles
1687 3005 1792 3082 atque

343 3101 562 3186 impudentes
583 3124 694 3189 neque
708 3103 748 3166 iis
769 3108 927 3177 noceant,
945 3105 1005 3186 qui
1031 3111 1169 3167 nostrae
1189 3123 1313 3167 causae
1335 3123 1456 3166 nocere
1477 3105 1621 3186 possint.
1646 3103 1792 3168 Fatetur

344 3217 465 3274 autem
486 3210 609 3275 Caesar
630 3232 665 3274 se
686 3211 769 3274 haec
791 3209 1020 3294 desumpsisse
1042 3231 1062 3273 a
1086 3208 1235 3285 Graecis,
1259 3209 1352 3293 apud
1371 3230 1457 3295 quos
1478 3209 1513 3272 in
1535 3211 1624 3274 hunc
1647 3209 1790 3275 modum

344 3318 416 3380 sine
443 3316 561 3380 ordine
588 3317 713 3381 dilluse
739 3318 844 3400 sunt¹l
874 3316 1014 3382 tradita.
1043 3320 1090 3381 Ac
1118 3326 1157 3382 ut
1185 3319 1226 3382 de
1252 3338 1314 3381 suo
1340 3316 1469 3401 aliquid
1495 3316 1601 3381 etiam
1630 3318 1791 3383 videatur

343 3423 510 3498 attulisse,
535 3424 579 3487 ad
602 3425 764 3507 pauciora
785 3445 909 3510 genera
931 3425 994 3509 ea2)
1021 3425 1173 3489 revocari
1195 3444 1293 3508 posse
1316 3424 1478 3500 ostendit,
1499 3424 1592 3507 quod
1614 3424 1789 3509 proprium

345 3538 397 3594 est
433 3531 517 3594 artis
553 3539 658 3615 atque
693 3530 906 3614 prudentiae.
936 3531 1076 3596 Etenim
1094 3532 1181 3595 risus
1215 3540 1455 3596 commovetur
1475 3532 1791 3613 exspectationibus

345 3636 566 3719 decipiendis,
588 3638 721 3701 naturis
741 3638 885 3701 aliorum
906 3637 1084 3702 irridendis
1117 3638 1269 3721 ipsorum
1290 3638 1429 3701 ridicule
1450 3637 1651 3713 indicandis
1673 3639 1790 3702 simili-

344 3743 464 3807 tudine
491 3744 665 3827 turpioris‚
693 3744 975 3819 dissimulatione,
1002 3745 1219 3809 subabsurda
1244 3744 1390 3808 dicendo
1416 3752 1450 3807 et
1477 3745 1584 3808 stulta
1611 3746 1791 3827 reprehen-

345 3850 468 3914 dendo.
504 3851 769 3935 Quamprimum
804 3851 927 3916 Caesar
961 3852 1145 3935 peroravit,
1183 3852 1303 3916 statim
1339 3851 1510 3914 Antonius
1546 3858 1713 3935 tanquam
1749 3873 1791 3915 ex
1852 3894 1856 3905 -

346 3957 442 4021 lauto
465 3957 628 4022 convivio
652 3958 696 4022 ad
720 3958 914 4023 doctrinam
938 3958 1178 4022 Collocationis
1202 3958 1265 4021 sibi
1294 3958 1376 4020 tacit
1402 3957 1546 4032 aditum,
1571 3958 1668 4021 cuius
1691 3958 1792 4024 initio

346 4064 517 4148 generalia
532 4064 706 4148 quaedam
724 4071 909 4149 praecepta
927 4066 1101 4148 proponit.
1123 4065 1234 4148 primo
1253 4072 1292 4128 ut
1312 4086 1351 4127 ea
1371 4064 1520 4128 maxime
1539 4064 1665 4129 Orator
1684 4065 1791 4142 dicat,

342 4191 431 4254 quae
458 4171 590 4254 prosint
617 4191 751 4247 causae,
772 4192 812 4236 ea
826 4191 908 4234 vero
935 4170 1136 4246 dissimulet,
1163 4192 1251 4256 quae
1279 4171 1404 4245 absint,
1430 4170 1524 4254 quod
1550 4178 1788 4255 consequetur,

346 4277 374 4339 si
398 4277 557 4341 difficilia
579 4298 649 4341 non
673 4279 777 4343 modo
800 4299 869 4342 non
894 4278 1071 4354 refutabit,
1096 4278 1156 4341 sed
1181 4277 1384 4362 nequidem
1409 4278 1575 4362 attigerit:
1602 4277 1725 4341 deinde
1749 4286 1790 4341 ut

344 4384 537 4448 consideret
558 4406 628 4449 non
650 4392 735 4461 tam,
755 4384 929 4470 quomodo
950 4406 1074 4449 causae
1095 4386 1214 4469 prosit,
1234 4406 1340 4469 quarn
1363 4404 1405 4448 ne
1424 4384 1508 4467 quid
1529 4385 1584 4447 vel
1606 4384 1789 4448 minimum

346 4491 588 4556 incommodet.
611 4492 774 4556 Minimus
793 4492 883 4557 enirn
903 4512 994 4555 error
1013 4493 1090 4575 plus
1109 4484 1211 4555 affert
1226 4490 1424 4555 detrimenti
1440 4512 1546 4574 quam
1565 4491 1686 4565 multa,
1699 4511 1789 4575 quae

347 4606 500 4680 prosunt,
537 4599 770 4664 emolumenti.
808 4598 861 4662 Ex
879 4599 932 4663 his
954 4598 1145 4682 praeceptis
1181 4600 1303 4663 Caesar
1322 4597 1467 4681 arripuit
1482 4618 1623 4661 causam
1646 4598 1789 4662 Antonii

346 4704 524 4780 laudandi;
541 4705 644 4789 idque
658 4707 862 4788 comprobat
879 4701 1077 4770 testimonio
1092 4706 1213 4780 Crassi,
1227 4705 1286 4789 qui
1301 4726 1379 4769 cum
1409 4704 1442 4767 in
1470 4723 1624 4768 sermone
1636 4704 1787 4787 quodam

347 4812 496 4875 multum
519 4811 560 4874 de
581 4811 672 4875 illius
692 4812 882 4876 virtutibus
902 4813 1118 4897 loquebatur,
1141 4820 1175 4875 et
1195 4813 1275 4896 quia
1298 4812 1331 4874 in
1354 4811 1411 4874 illo
1441 4831 1594 4875 sermone
1629 4810 1786 4875 additum

347 4916 461 4981 iuerat
483 4917 680 5001 improbum
701 4939 773 4982 esse
796 4920 987 4994 Oratorem,
1007 4920 1066 5003 qui
1088 4919 1170 4983 mali
1188 4918 1367 5003 quippiam
1389 4918 1422 4980 in
1445 4938 1506 4981 sua
1526 4938 1630 4981 causa
1651 4917 1786 4993 dixerit,

347 5022 382 5085 id
407 5024 539 5089 dictum
564 5026 737 5090 Antonius
762 5027 909 5109 explicat
935 5034 970 5089 et
995 5046 1015 5088 a
1039 5046 1101 5088 sua
1124 5026 1296 5107 praesenti
1321 5024 1492 5088 sententia
1517 5024 1698 5109 distinguit
1724 5026 1788 5088 ele-

346 5137 479 5215 ganter:
494 5130 589 5215 quod
605 5132 768 5198 nimirum
785 5134 925 5197 Crassus
942 5131 983 5195 de
1001 5133 1145 5197 Oratore
1162 5132 1325 5214 perfecto,
1343 5132 1414 5214 ipse
1431 5137 1548 5195 autern
1565 5131 1606 5195 de
1623 5131 1784 5195 mediocri

346 5244 380 5299 et
402 5258 507 5320 prope
522 5239 657 5323 vulgari
677 5240 722 5302 sit
742 5240 887 5310 locutus,
910 5238 960 5302 ita
985 5246 1024 5302 ut
1040 5226 1211 5321 perlectus
1232 5240 1357 5303 Orator
1377 5238 1516 5302 omnino
1536 5237 1697 5302 videatur
1716 5258 1789 5301 esse

463 5389 483 5453 ¹)
507 5388 579 5439 Cod.
602 5396 657 5440 est.

461 5476 482 5536 ²)
505 5476 578 5529 Cod.
600 5492 677 5528 earn.
1770 5482 1786 5545 'a'

1664 5586 1681 5635 2
