4617 6575
1055 722 1087 773 13

346 945 577 1028 superioribus
594 952 779 1028 praecepta
797 945 868 1008 eius
886 945 987 1008 facile
1004 953 1148 1028 possunt
1180 945 1332 1030 intelligi,
1350 967 1420 1010 non
1438 952 1555 1010 tamen
1573 947 1618 1010 ab
1636 947 1792 1012 Oratoris

348 1053 566 1127 tractatione,
596 1051 764 1136 siquidem
792 1072 833 1115 eo
860 1052 895 1115 in
923 1051 1138 1115 conciliando
1179 1052 1289 1116 iudice
1318 1052 1492 1117 interdum
1521 1053 1709 1117 necessario
1738 1054 1789 1117 uti

346 1158 489 1242 cogitur.
512 1158 645 1223 Eadem
661 1179 799 1243 quoque
819 1159 951 1221 ratione
972 1159 1084 1222 elevat
1105 1159 1190 1222 trita
1210 1159 1267 1222 illa
1287 1167 1322 1222 et
1339 1159 1439 1244 quasi
1460 1161 1614 1225 omnium
1638 1181 1694 1223 ore
1715 1180 1789 1244 per-

346 1266 489 1349 vulgata
519 1265 728 1330 Graecorum
754 1272 949 1349 praecepta,
978 1265 1181 1329 divisionem
1198 1266 1409 1350 quaestionis
1437 1266 1471 1329 in
1499 1265 1652 1330 Finitam
1680 1273 1714 1331 et
1734 1269 1789 1332 ln-

346 1371 495 1436 finitam:
528 1372 622 1448 item,
643 1393 732 1456 quae
753 1373 797 1436 ab
819 1372 939 1436 iisdem
961 1372 1003 1435 de
1024 1372 1181 1455 partibus
1202 1373 1398 1436 orationum
1427 1393 1612 1458 earumque
1646 1394 1787 1437 munere

229 1479 234 1485 “
345 1486 427 1542 sunt
444 1480 584 1555 tradita,
600 1500 670 1564 quo
686 1479 721 1542 in
737 1479 812 1542 loco
828 1479 939 1543 multa
956 1479 1063 1542 etiam
1079 1478 1121 1541 de
1138 1479 1280 1543 historia
1306 1479 1415 1564 deque
1432 1480 1656 1563 scriptoribus
1682 1479 1787 1544 histo-

345 1585 415 1649 riae
435 1586 579 1649 disserit.
603 1586 689 1650 Cum
709 1585 753 1649 ad
768 1607 844 1649 eam
864 1605 936 1649 rem
953 1584 1105 1670 quadam
1124 1585 1398 1669 interpellatione
1417 1606 1558 1650 causam
1575 1587 1788 1670 praebuisset

345 1692 478 1767 Catulo,
502 1692 728 1776 disputationi
744 1691 786 1755 de
801 1691 945 1756 materia
967 1691 1121 1756 Oratoris
1142 1692 1264 1756 statim
1285 1693 1460 1776 subiungit
1484 1693 1597 1769 aliam,
1625 1693 1788 1758 nimirum
1829 1741 1832 1748 »

346 1798 388 1862 de
406 1806 532 1862 natura
550 1798 702 1863 eiusdem
719 1807 755 1863 et
771 1798 914 1883 ingenio,
933 1799 1015 1883 quia
1027 1799 1061 1862 in
1077 1799 1128 1861 his
1146 1799 1344 1881 ponendum
1358 1806 1408 1862 est
1421 1800 1645 1883 Eloquentiae
1664 1799 1788 1864 funda·
1876 1835 1879 1842 ·

344 1913 512 1983 mentum,
530 1907 564 1970 in
581 1927 650 1990 quo
664 1926 838 1970 summum
856 1913 890 1969 et
906 1906 1119 1989 praeclarum
1135 1905 1224 1988 illius
1243 1905 1440 1969 aedificium
1459 1926 1513 1969 ars
1532 1912 1565 1969 et
1586 1906 1787 1970 exercitatio

345 2012 507 2095 perficere
531 2012 666 2076 debeat.

456 2119 501 2183 At
532 2125 745 2204 repugnante
775 2125 900 2183 natura
929 2126 963 2183 et
994 2119 1054 2183 ubi
1083 2126 1134 2183 est
1165 2119 1278 2183 sterile
1308 2119 1492 2203 ingenium,
1524 2119 1571 2182 ibi
1599 2127 1786 2204 praecepta

345 2226 429 2290 artis
458 2226 526 2289 fere
554 2226 639 2290 nihil
667 2226 836 2290 efficiunt:
867 2225 1035 2290 industria
1067 2232 1186 2289 autem
1214 2225 1366 2289 humana
1408 2224 1596 2289 admodum
1632 2234 1786 2309 praestat

345 2333 517 2416 exiguum,
552 2334 579 2397 si
604 2333 729 2397 durum
752 2332 900 2407 videtur,
937 2332 1077 2396 omnino
1100 2332 1185 2395 nihil
1207 2333 1343 2416 utrique
1380 2333 1577 2398 attribuere.
1616 2333 1788 2398 Naturam

344 2439 460 2523 itaque
475 2439 611 2524 flagitat
626 2440 957 2513 excellentissimam,
971 2441 1036 2502 sub
1054 2460 1124 2524 qua
1138 2438 1386 2522 ‘complectitur
1407 2440 1557 2524 egregias
1577 2438 1686 2515 dotes,
1709 2448 1786 2505 tum

344 2546 389 2609 ad
417 2547 590 2631 agendum
616 2547 822 2610 necessarias
843 2584 877 2592 —
899 2567 989 2630 quae
1016 2552 1055 2610 ut
1074 2544 1309 2630 perficiantur,
1340 2545 1482 2610 modum
1509 2546 1663 2611 Oratoris
1690 2547 1786 2610 insti-

346 2653 466 2717 tuendi
491 2654 691 2737 praescribit
722 2691 756 2700 -
785 2661 861 2716 tum
885 2652 930 2716 ad
943 2652 1182 2737 eloquendum,
1209 2661 1248 2716 ut
1274 2653 1393 2716 statim
1419 2674 1439 2716 a
1463 2653 1610 2736 pueritia
1635 2653 1787 2737 optimos

339 2780 493 2844 quosque
503 2761 665 2824 authores
677 2761 742 2824 sibi
752 2767 922 2844 proponat
936 2759 1132 2835 imitandos,
1143 2779 1230 2844 quos
1244 2767 1319 2822 tum
1332 2759 1502 2843 loquendo
1515 2767 1592 2823 tum
1605 2759 1785 2824 scribendo

342 2874 520 2951 sequatur:
539 2867 698 2950 deinceps
715 2875 832 2932 autem
848 2867 962 2950 ipsum
978 2887 1019 2930 ex
1036 2867 1174 2950 pulvere
1191 2873 1225 2928 et
1242 2867 1365 2930 umbra
1382 2866 1417 2928 in
1434 2867 1541 2929 aciem
1558 2873 1661 2950 atque
1678 2866 1784 2929 solem

345 2973 515 3056 producit,
538 2981 577 3038 ut
598 2995 721 3038 causas
741 2973 852 3058 primo
874 2972 1054 3057 diligenter
1072 2973 1228 3056 cognitas
1250 2993 1270 3036 a
1291 2993 1348 3036 reo
1370 2973 1527 3056 accipiat,
1550 2979 1627 3037 tum
1647 2973 1786 3036 easdem

343 3080 531 3144 meditetur
545 3080 605 3144 diu
622 3080 850 3164 multumque,
872 3079 916 3143 ad
930 3087 1122 3144 extremum
1143 3100 1224 3142 vero
1244 3099 1324 3144 cum
1346 3079 1514 3163 dignitate
1535 3085 1626 3164 agat.
1651 3079 1697 3142 Et
1715 3100 1786 3164 qua

344 3187 479 3251 ratione
500 3208 642 3252 causam
663 3207 866 3271 cognoscere
887 3187 943 3250 vel
965 3187 1080 3270 potius
1102 3187 1268 3270 expiscari
1290 3185 1414 3250 debeat
1438 3207 1457 3249 a
1480 3206 1547 3261 rec,
1571 3207 1633 3251 suo
1655 3186 1784 3250 indicat

343 3296 510 3379 exemplo
540 3296 610 3360 Ubi
634 3302 733 3359 notat
759 3295 929 3378 triplicem
953 3295 1178 3358 offensionem
1203 3295 1399 3367 Oratomm,
1422 3294 1483 3379 qui
1507 3314 1576 3358 non
1600 3294 1686 3357 bene
1711 3314 1784 3377 per-

341 3409 444 3485 cepta
467 3402 673 3487 cognitaque
696 3422 800 3465 causa
825 3401 869 3465 ad
894 3402 1046 3465 tribunal
1070 3400 1395 3465 iudicisaccedunt:
1431 3401 1683 3486 negligentiam,
1709 3421 1783 3484 per-

342 3508 473 3584 fidiam,
498 3508 711 3573 tarditatem.

454 3615 714 3679 Meditationem
736 3636 860 3691 causae
884 3615 934 3678 ita
954 3614 1214 3689 instituendam,
1241 3622 1279 3678 ut
1308 3635 1443 3678 summa
1472 3614 1578 3678 animi
1606 3612 1782 3697 aequitate

343 3729 413 3786 tres
435 3742 597 3806 personas
618 3722 798 3795 sustineat,
822 3741 921 3785 suam
942 3742 1023 3785 cum
1057 3741 1124 3796 reo,
1157 3721 1343 3785 adversarii
1365 3728 1399 3785 et
1422 3720 1552 3785 iudicis.
1577 3721 1624 3783 Et
1643 3720 1725 3804 quia
1748 3720 1783 3783 in

342 3829 567 3893 meditatione
587 3829 776 3892 necessaria
796 3835 847 3891 est
865 3829 1017 3912 cognitio
1036 3836 1160 3903 status,
1180 3848 1304 3892 causae
1324 3835 1358 3891 et
1375 3828 1586 3913 quaestionis
1605 3846 1779 3911 generum,

341 3943 523 4019 propterea
541 3935 575 3998 in
593 3935 815 4019 partitionem
832 3941 999 4011 statuum,
1020 3955 1064 3998 an
1081 3936 1136 4010 sit,
1152 3934 1237 4019 quid
1254 3935 1309 4009 sit,
1324 3935 1426 4019 quale
1443 3934 1487 3998 sit
1505 3934 1648 4011 factum,
1668 3933 1780 4017 digre-

341 4041 435 4106 ditur
454 4042 548 4106 etde
570 4042 623 4105 his
645 4042 774 4105 tradita
792 4063 813 4105 a
830 4041 1039 4106 Rhetoribus
1061 4047 1255 4126 praecepta,
1280 4048 1462 4125 tamquam
1499 4041 1718 4104 Aristarchus
1740 4061 1780 4104 ex

340 4149 481 4212 officina
511 4149 817 4234 Peripateticorum
857 4148 1041 4232 profectus,
1071 4155 1229 4212 accurate
1258 4147 1443 4222 examinat,
1473 4147 1622 4232 istosque
1646 4146 1783 4211 dicendi

342 4256 524 4340 magistros
559 4263 699 4339 propter
733 4255 941 4338 imperitiam
976 4254 1162 4318 definiendi
1197 4262 1300 4338 atque
1336 4253 1512 4318 dividendi
1546 4254 1697 4339 graviter
1731 4272 1780 4316 re-

340 4362 532 4445 prehendit.
572 4362 656 4426 Inde
689 4361 734 4425 ad
766 4362 975 4426 inventionis
1007 4361 1201 4425 doctrinam
1228 4360 1454 4445 progreditur.
1490 4361 1629 4424 Etenim
1648 4361 1780 4437 statim,

339 4477 444 4553 atque
475 4490 599 4534 causae
630 4470 864 4533 controversia
895 4468 949 4531 vel
982 4469 1183 4552 ambiguum
1212 4468 1440 4551 cognoscitur,
1473 4466 1696 4552 cogitandum
1728 4474 1780 4530 est

339 4576 488 4650 Oratori,
511 4576 644 4659 QUID,
662 4583 749 4650 tum,
770 4576 1002 4659 QUOMODO
1021 4576 1131 4639 dicere
1150 4576 1244 4639 velit.
1267 4574 1360 4637 Haec
1376 4582 1493 4638 autem
1506 4594 1585 4657 pars
1606 4594 1780 4637 commen-

341 4683 485 4747 tationis
503 4683 560 4746 vel
580 4682 814 4746 meditationis
834 4682 1034 4765 suppeditat
1055 4688 1258 4765 argumenta
1278 4687 1354 4744 tum
1374 4681 1418 4744 ad
1438 4681 1666 4765 probandum,
1685 4680 1779 4765 quod

337 4810 401 4853 nos
423 4790 645 4858 intendimus,
671 4798 748 4852 tum
774 4788 819 4852 ad
842 4789 876 4852 id
902 4789 1134 4863 refellendum,
1157 4788 1251 4874 quod
1275 4788 1490 4872 propositum
1513 4797 1564 4852 est
1589 4790 1633 4851 ab
1658 4788 1779 4851 adver-

338 4896 444 4961 sariis.
478 4896 581 4960 Cuius
612 4895 787 4959 doctrinae
817 4896 965 4979 primam
994 4916 1137 4980 eamque
1167 4895 1357 4979 generalem
1387 4895 1589 4959 divisionem
1619 4893 1778 4977 producit

337 5023 378 5067 ex
396 5003 512 5067 officio
529 5003 692 5068 Oratoris
713 5004 803 5066 Nam
820 5009 858 5067 ut
877 5003 978 5066 huius
995 5023 1121 5066 munus
1137 5003 1286 5065 vertitur
1303 5002 1337 5065 in
1355 5002 1526 5075 docendis,
1544 5000 1779 5075 conciliandis,

336 5110 643 5194 permovendisque
681 5110 878 5173 auditorum
918 5110 1050 5184 animis,
1081 5130 1227 5193 quorum
1259 5109 1408 5192 primum
1440 5129 1594 5183 acumen,
1628 5109 1776 5171 alterum

336 5217 527 5290 lenitatem,
560 5224 773 5299 postremum
804 5224 921 5279 autem
952 5217 1024 5278 vim
1056 5216 1238 5279 desiderat:
1273 5216 1321 5279 ita
1353 5217 1463 5279 omnis
1494 5223 1776 5299 argumentorum

335 5324 489 5387 inventio
521 5323 687 5387 dividrtur
717 5324 752 5385 in
784 5324 899 5398 fidem,
932 5323 1196 5387 delectationem
1228 5330 1262 5386 et
1293 5330 1436 5386 motum.
1476 5321 1647 5386 Naturam
1678 5342 1777 5405 argu-

335 5439 541 5504 mentorum,
558 5451 647 5514 quae
666 5430 861 5513 diriguntur
875 5430 919 5493 ad
938 5429 1053 5504 fidem,
1073 5430 1128 5492 vel
1146 5438 1185 5493 ut
1205 5430 1398 5493 auditorem
1416 5428 1573 5503 doceant,
1595 5428 1774 5511 partiendo

333 5537 492 5620 explicat,
516 5538 600 5600 dum
621 5558 662 5601 cx
686 5536 878 5600 Aristotelis
901 5537 1057 5600 doctrina
1079 5558 1119 5600 ea
1142 5536 1265 5599 dividit
1289 5536 1324 5599 in
1347 5535 1532 5600 artificiosa
1555 5544 1589 5598 et
1613 5535 1696 5599 artis
1719 5556 1777 5597 ex-
