4617 6575
1070 705 1101 755 15

359 924 513 988 adducto
551 924 586 987 in
625 930 849 1007 conspectum
887 923 1083 988 Aristotelis
1109 923 1275 1008 exemplo,
1300 925 1361 1009 qui
1387 925 1479 990 locos
1506 925 1701 990 inveniendi
1728 935 1804 991 tum

361 1031 395 1094 in
425 1029 622 1095 Dialecticis
651 1036 727 1094 tum
756 1010 799 1094 in'
820 1030 1014 1096 Rhetoricis
1043 1031 1197 1095 tradidit.
1230 1032 1324 1096 Haec
1354 1039 1471 1096 autem
1500 1053 1539 1098 eo
1568 1033 1801 1116 disputantur,

359 1159 430 1222 quo
463 1137 596 1201 facilius
623 1136 730 1220 possit
759 1137 871 1222 detegi
900 1138 1042 1202 Antonii
1067 1138 1349 1204 artificiosissima
1377 1147 1454 1204 tum
1481 1139 1516 1203 in
1542 1139 1699 1203 doctrina
1728 1147 1804 1203 tum

363 1243 502 1308 Graecis
516 1244 550 1307 iu
565 1243 671 1307 literis
685 1244 870 1311 simulatio.
890 1246 977 1309 Cum
996 1246 1088 1309 enim
1111 1246 1254 1309 Catulus
1278 1245 1366 1310 dixit
1389 1245 1579 1310 orationem
1603 1247 1745 1312 Antonii
1759 1247 1803 1310 ab

360 1349 555 1415 Aristotelis
580 1349 736 1413 doctrina
762 1370 831 1414 non
856 1353 1006 1416 multum
1032 1351 1180 1428 differre,
1208 1352 1324 1416 subito
1350 1352 1480 1436 detegit
1505 1372 1605 1416 suum
1624 1353 1804 1416 consilium

361 1459 558 1542 fateturque
582 1477 652 1519 non
674 1457 805 1521 invitus
831 1479 866 1523 se
889 1459 1029 1532 isthaec,
1054 1458 1243 1542 dequibus
1264 1459 1335 1523 iam
1359 1459 1527 1543 disputat,
1556 1459 1601 1524 ab
1620 1459 1804 1524 Aristotele

359 1563 529 1640 didicisse,
562 1563 703 1629 tametsi
736 1563 830 1650 apud
854 1564 978 1649 vulgus
1000 1565 1051 1629 ita
1077 1573 1178 1629 caute
1202 1564 1311 1631 soleat
1337 1565 1550 1646 dissimulare
1574 1571 1609 1631 et
1632 1564 1805 1632 occultare

361 1669 571 1736 Graecarum
594 1670 773 1734 literarum
793 1671 984 1748 scientiam,
1016 1672 1116 1756 quasi
1148 1692 1206 1738 eas
1239 1693 1281 1736 ne
1314 1671 1454 1756 quidem
1492 1693 1512 1735 a
1543 1672 1654 1756 primo
1690 1672 1804 1736 limine

358 1777 529 1855 salutarit,
559 1776 662 1861 idque
690 1776 891 1842 institutum
919 1778 991 1842 fore
1019 1778 1175 1861 perutile,
1202 1777 1342 1862 quando
1371 1779 1497 1843 Orator
1524 1778 1675 1863 primum
1697 1799 1803 1863 quam

359 1884 540 1949 minimam
561 1883 704 1948 alicuius
720 1883 867 1960 artificii,
890 1885 1012 1948 deinde
1032 1884 1163 1949 nullam
1185 1885 1286 1968 plane
1310 1884 1518 1949 Graecarum
1540 1905 1653 1950 rerum
1671 1885 1803 1950 dederit

358 1991 657 2076 significationem.
687 1991 780 2054 Nam
808 1993 871 2056 hac
902 1992 1034 2055 ratione
1063 1991 1136 2055 eius
1161 1991 1270 2056 oratio
1288 1999 1323 2055 et
1340 1991 1551 2074 probabilior
1569 2001 1604 2056 et
1624 1992 1804 2056 iucundior

358 2099 463 2184 vulgo
487 2107 537 2162 est
562 2098 690 2162 futura.
717 2099 835 2162 Monet
858 2108 976 2163 tamen
1000 2098 1193 2174 Oratorem,
1219 2119 1261 2162 ne
1284 2098 1385 2181 plane
1417 2099 1568 2184 negligat
1595 2099 1804 2163 Graecorum

360 2205 564 2280 doctrinam,
585 2204 645 2269 sed
663 2204 692 2267 si
709 2206 848 2287 penitus
867 2226 943 2269 eam
961 2225 1164 2289 cognoscere
1183 2226 1252 2269 non
1272 2205 1410 2288 poterit,
1430 2205 1554 2269 saltem
1572 2214 1613 2269 ut
1631 2205 1800 2290 degustet.

363 2312 448 2377 Inde
482 2311 692 2375 nanciscitur
723 2332 866 2376 causam
888 2311 1111 2400 disputandi,
1144 2332 1292 2396 quorum
1328 2312 1614 2395 Philosophorum
1647 2313 1805 2377 doctrina

361 2419 497 2484 Oratori
526 2418 712 2484 conveniat
741 2421 798 2483 vel
826 2440 895 2483 non
922 2418 1117 2483 conveniat.
1149 2420 1198 2482 Ac
1228 2419 1340 2502 primo
1370 2418 1582 2484 Dialecticen
1612 2419 1805 2484 Stoicorum

359 2527 405 2589 ab
442 2546 507 2590 usu
537 2524 686 2589 oratorio
714 2535 869 2590 removet
898 2525 1104 2611 longissime:
1135 2525 1205 2590 imo
1234 2526 1340 2589 etiam
1369 2525 1535 2609 reliquam
1566 2526 1804 2609 Philosophiae

359 2631 555 2696 doctrinam
576 2638 717 2716 propter
739 2634 871 2697 aridam
893 2642 926 2697 et
949 2653 1157 2717 exsanguem
1179 2633 1369 2696 orationem
1391 2652 1515 2716 parum
1537 2641 1599 2696 aut
1626 2632 1711 2696 nihil
1732 2633 1805 2698 foro

358 2740 543 2804 convenire
579 2739 765 2804 existimat.
806 2740 1052 2824 Peripateticos
1088 2749 1207 2805 autem
1243 2747 1277 2804 et
1314 2738 1537 2804 Academicos
1572 2739 1803 2803 commendat.

359 2846 448 2910 Cum
469 2847 561 2910 enim
583 2845 721 2911 uberius
743 2846 965 2931 ornatiusque
987 2846 1166 2930 disputent
1188 2847 1230 2911 de
1252 2848 1363 2922 rebus,
1386 2846 1552 2910 maiorem
1572 2847 1805 2930 cognitionem

358 2973 440 3016 cum
464 2954 619 3018 Oratoris
642 2952 803 3018 instituto
825 2953 965 3017 habeut.
990 2953 1036 3016 Et
1060 2955 1123 3018 hac
1146 2954 1278 3018 ratione
1301 2952 1442 3017 demum
1462 2953 1611 3037 putabat
1624 2953 1689 3016 sibi
1710 2962 1807 3036 pate-

360 3059 492 3124 factam
516 3069 551 3125 et
574 3062 668 3123 viam
692 3061 890 3144 expeditam
914 3060 959 3123 ad
979 3060 1185 3124 tradendam
1209 3060 1402 3126 doctrinam
1418 3061 1571 3125 locorum
1586 3059 1677 3135 fidei,
1699 3081 1806 3144 quam

360 3167 514 3231 breviter
546 3177 591 3243 et,
623 3168 717 3252 quod
750 3168 859 3241 aiunt,
892 3167 1019 3230 cursim
1052 3167 1262 3252 perstringit:
1298 3168 1367 3232 imo
1400 3166 1611 3252 singulorum
1654 3167 1806 3232 locorum

360 3274 568 3351 nominibus,
584 3275 717 3340 omissis
730 3274 990 3339 definitionibus
1000 3283 1035 3339 et
1048 3274 1303 3359 partitionibus,
1324 3275 1480 3359 exempla
1498 3281 1638 3340 tantum
1658 3274 1805 3339 subiicit.

361 3381 496 3446 Dividit
514 3391 633 3448 autem
649 3385 741 3446 locos
758 3404 799 3446 ex
816 3382 1010 3445 Aristotelis
1027 3382 1184 3447 doctrina
1202 3384 1236 3446 in
1253 3382 1374 3447 insitos
1391 3391 1426 3448 et
1443 3381 1658 3467 adsumptos.
1681 3381 1808 3445 Insitos

360 3496 476 3564 vocat,
494 3491 576 3573 quia
596 3509 675 3554 cum
697 3510 732 3553 re
751 3489 969 3553 cohaereant:
992 3498 1031 3553 ut
1053 3489 1231 3565 Definitio,
1255 3489 1411 3567 partitio,
1434 3490 1579 3553 Notatio
1599 3498 1633 3553 et
1654 3489 1805 3553 Affecta:

361 3595 425 3658 hoc
451 3603 514 3672 est,
540 3618 629 3680 quae
654 3619 724 3661 non
750 3598 850 3680 plane
876 3604 911 3659 et
937 3596 1067 3680 integre
1093 3616 1165 3660 rem
1190 3597 1226 3659 in
1249 3597 1450 3679 quaestione
1477 3597 1691 3680 propositam
1714 3616 1806 3659 com-

360 3703 591 3784 prehendunt,
615 3704 675 3767 sed
697 3704 820 3767 saltem
843 3703 1021 3786 attingunt
1044 3724 1132 3766 eam:
1158 3712 1195 3768 ut
1218 3710 1300 3766 sunt
1325 3702 1469 3779 Genera,
1493 3712 1609 3786 partes
1626 3702 1807 3787 generibus

361 3809 538 3873 subiectae
565 3812 621 3874 vel
649 3810 794 3894 Species.
824 3809 965 3884 Similia,
995 3809 1309 3885 Dissimilitudines
1338 3811 1528 3886 Contraria,
1544 3808 1805 3893 Consequentia,

360 3916 599 3981 Consentanea
626 3926 660 3981 et
685 3917 1067 4001 quasiPraecurrentia,
1098 3918 1351 4001 Repugnantia,
1380 3918 1510 3982 Causae
1539 3917 1686 3990 Effecta,
1714 3936 1807 3978 com·

361 4031 484 4105 parata
509 4043 588 4087 cum
615 4024 801 4087 maioribus
825 4044 906 4086 cum
932 4024 1213 4087 minoribuscum
1228 4024 1377 4107 paribus
1407 4024 1570 4108 Reliquos
1595 4023 1809 4095 locosvocat

360 4139 569 4213 assumptos,
603 4131 686 4213 quia
711 4151 791 4193 cum
827 4138 953 4193 natura
991 4130 1038 4193 rei
1077 4151 1146 4194 non
1172 4131 1367 4206 cohaerent,
1397 4130 1456 4195 sed
1484 4131 1562 4193 feris
1589 4128 1806 4213 colliguntur,

361 4257 402 4299 ex
429 4238 543 4321 aliqua
571 4237 783 4301 authoritate
810 4237 881 4300 sive
909 4237 1036 4300 Divina
1062 4238 1134 4301 sive
1162 4238 1314 4302 humana
1341 4244 1375 4302 et
1403 4239 1438 4301 in
1465 4236 1586 4301 scholis
1614 4235 1809 4299 Rhetorum

362 4343 638 4407 testimoniorum
661 4344 808 4427 generali
822 4344 959 4408 nomine
971 4345 1346 4427 comprehenduntur.¹)
1374 4345 1447 4408 Hos
1460 4344 1551 4407 locos
1571 4342 1631 4425 qui
1642 4343 1806 4425 agnoscit,

362 4450 415 4531 ei2)
448 4458 536 4527 tum,
566 4457 606 4514 ut
635 4458 786 4514 testatur
814 4451 867 4514 hic
898 4451 1080 4526 Antonius,
1111 4451 1196 4514 nihil
1225 4452 1475 4534 propemodum
1504 4456 1669 4524 occurret,
1713 4449 1807 4532 quod

360 4557 486 4639 ipsum,
506 4558 613 4621 etiam
633 4558 675 4621 de
693 4557 903 4642 gravissimis
922 4559 1024 4621 rebus
1043 4557 1267 4621 disserentem
1286 4559 1401 4642 fugere
1420 4557 1538 4641 possit.
1557 4556 1685 4620 Verum
1709 4575 1807 4639 argu-

362 4672 480 4728 menta
502 4686 544 4728 ex
563 4665 646 4728 locis
667 4673 702 4728 et
723 4664 793 4728 suis
813 4664 943 4729 cellulis
963 4673 1062 4728 eruta
1082 4672 1187 4748 atque
1208 4664 1414 4748 deprompta
1434 4665 1484 4728 ita
1507 4663 1690 4727 tractanda
1710 4662 1808 4725 varia

362 4791 398 4833 re
413 4779 562 4854 oportet,
579 4773 691 4835 nevel
706 4793 761 4835 ars
776 4771 1075 4835 animadvertatur
1102 4773 1147 4834 ab
1162 4772 1378 4835 auditoribus
1392 4772 1448 4834 vel
1467 4771 1569 4833 iidem
1584 4768 1807 4833 similitudine

361 4877 606 4964 defatigentur,
652 4879 841 4962 Postquam
880 4879 924 4941 ad
966 4879 1056 4942 hunc
1088 4878 1230 4941 modum
1266 4899 1372 4962 quam
1413 4877 1610 4940 brevissime
1640 4876 1807 4959 percurrit

362 4983 556 5049 doctrinam
582 4984 797 5049 Inventionis
819 4993 1067 5068 argumentove
1090 4985 1172 5047 fidei
1193 4984 1328 5049 aditum
1350 4985 1415 5048 sibi
1437 4984 1600 5067 patefecit
1623 4983 1668 5045 ad
1690 4990 1807 5046 motus

361 5092 416 5154 vel
427 5094 715 5174 perturbationes,
731 5093 765 5154 in
780 5092 905 5175 quibus
916 5092 970 5154 vel
981 5091 1196 5154 concitandis
1212 5091 1268 5155 vel
1283 5091 1441 5155 sedandis
1458 5110 1583 5174 magna
1599 5090 1652 5152 vis
1663 5091 1807 5153 oratoris

363 5198 492 5274 existit,
514 5200 686 5263 imovero
707 5200 769 5262 hoc
792 5208 841 5262 est
865 5220 950 5281 opus
972 5198 1127 5261 omnium
1149 5199 1256 5281 ipsius
1278 5218 1419 5282 operum
1440 5198 1538 5281 longe
1560 5196 1750 5260 maximum
1772 5206 1805 5259 et

362 5304 438 5369 ideo
460 5306 610 5370 maxime
633 5306 868 5369 excolendum.
895 5306 1033 5369 Etenim
1068 5306 1179 5368 omnis
1214 5306 1323 5370 oratio
1362 5313 1395 5368 et
1420 5305 1510 5368 actio
1533 5304 1688 5368 Oratoris
1711 5324 1806 5367 acco-

361 5425 594 5523 Ἦ.
616 5453 941 5523 compraehenduntur.

478 5543 499 5611 ¹)
522 5542 638 5597 Adieci:
660 5542 699 5599 ei.
