4617 6575
1210 703 1244 754 16

504 924 679 990 modanda
706 933 758 989 est
786 926 832 989 ad
858 933 985 1002 motus,
1029 925 1074 988 ad
1101 945 1223 1002 moreS,
1265 926 1311 990 ad
1336 925 1536 991 voluntates
1563 927 1773 1006 auditorum,
1798 949 1948 1013 quorum

502 1052 583 1096 cum
601 1033 712 1097 multo
729 1033 880 1097 maxima
897 1054 976 1117 pars
993 1032 1080 1097 solet
1097 1053 1169 1096 esse
1186 1033 1228 1096 de
1245 1033 1355 1117 plebe,
1367 1033 1535 1098 allectum
1544 1035 1600 1098 vel
1617 1035 1813 1118 appetitum
1825 1035 1949 1102 ducem

501 1162 608 1224 quam
623 1139 793 1204 rationem
808 1140 904 1224 sequi
919 1139 1067 1204 malunt:
1085 1138 1161 1204 ideo
1177 1140 1286 1224 magis
1301 1139 1476 1204 afficiendi
1489 1161 1597 1225 quam
1612 1140 1757 1205 docendi
1772 1142 1946 1208 videntur.

504 1247 649 1332 Cognito
659 1248 722 1311 hoc
733 1247 877 1311 Antonii
893 1246 1056 1312 instituto
1071 1246 1215 1311 Catulus
1231 1247 1344 1330 ipsum
1359 1254 1506 1312 conatur
1521 1268 1681 1312 revocare
1698 1247 1743 1312 ad
1753 1248 1948 1316 doctrinam

503 1353 756 1431 Collocationis,
790 1353 958 1437 siquidem
990 1354 1065 1436 ipsa
1096 1359 1223 1418 natura
1253 1375 1334 1418 cum
1365 1353 1630 1440 investigatione
1663 1363 1947 1439 argumentorum

502 1461 688 1525 coniuncta
710 1481 782 1526 esse
802 1460 974 1536 videatur,
996 1480 1067 1524 non
1087 1468 1207 1525 autem
1229 1467 1344 1524 motus
1365 1461 1421 1525 vel
1442 1461 1636 1526 animorum
1658 1463 1945 1544 perturbationes,

503 1571 593 1633 Tum
612 1567 784 1632 Antonius
801 1567 900 1632 initio
916 1587 1058 1631 causam
1073 1567 1194 1632 erroris
1211 1566 1344 1631 confert
1357 1567 1392 1631 in
1406 1568 1624 1646 oblivionem,
1641 1569 1739 1653 quasi
1756 1569 1947 1634 collocandi

503 1681 688 1758 praecepta
712 1673 778 1737 sibi
803 1695 845 1738 ex
871 1675 986 1739 animo
1012 1672 1218 1738 excidissent
1225 1694 1232 1750 ;
1250 1674 1310 1738 sed
1327 1674 1469 1739 tandem
1494 1675 1607 1759 ipsum
1633 1683 1772 1740 revocat
1799 1676 1844 1739 ad
1869 1697 1947 1761 pro-

503 1781 654 1864 positam
670 1781 894 1864 partitionem
904 1780 1080 1845 doctrinae
1098 1779 1304 1845 inveniendi.
1321 1780 1407 1845 Cum
1425 1781 1516 1846 enim
1533 1803 1610 1847 eam
1627 1781 1662 1846 in
1680 1789 1749 1846 tres
1767 1783 1944 1848 tribuisset

502 1888 557 1951 vel
586 1887 758 1951 divisisset
787 1895 915 1971 partes:
947 1887 1078 1963 Fidem,
1109 1889 1245 1951 Motum
1272 1895 1376 1972 atque
1406 1888 1690 1953 Delectationem:
1732 1897 1766 1954 et
1809 1889 1947 1955 unicam

406 2016 409 2021 ·
503 1995 626 2058 saltem
661 1994 888 2078 explicuisset,
924 1994 1068 2058 docendi
1104 2003 1235 2058 rectam
1269 1995 1438 2060 rationem
1472 1996 1661 2060 necessario
1696 1996 1863 2080 ssagitare,
1906 2007 1945 2061 ut

502 2102 649 2187 reliquas
679 2102 765 2166 duas
793 2101 868 2185 pari
897 2101 1074 2185 diligentia
1103 2109 1338 2185 persequatur,
1369 2102 1486 2185 itaque
1525 2102 1715 2167 collocandi
1754 2102 1946 2168 doctrinam

503 2230 572 2273 non
594 2230 657 2273 suo
678 2209 753 2273 loco
775 2229 885 2293 neque
907 2229 969 2273 suo
991 2216 1146 2291 tempore
1170 2229 1190 2272 a
1212 2229 1247 2272 se
1269 2208 1403 2292 requiri.
1444 2210 1559 2272 Motus
1581 2209 1741 2293 deinceps
1763 2209 1887 2275 dividit
1911 2211 1945 2274 in

502 2315 655 2391 leniores,
679 2336 766 2400 quos
787 2315 914 2389 ¹Graeci
934 2313 978 2378 τὰ
1000 2311 1078 2399 ἤδη,
1104 2323 1139 2380 et
1165 2315 1199 2378 in
1224 2315 1506 2404 vehementiores,
1546 2336 1633 2399 quos
1658 2316 1760 2380 iidem
1784 2313 1948 2400 τὰπάθη

503 2423 695 2499 nominant,
714 2442 862 2506 quorum
882 2421 930 2485 illi
949 2421 994 2485 ad
1014 2429 1177 2486 naturam
1197 2429 1231 2485 et
1252 2421 1296 2485 ad
1316 2441 1427 2486 mores
1447 2423 1596 2486 maxime
1615 2430 1696 2487 sunt
1716 2424 1943 2500 accomodati,

502 2529 538 2593 hi
562 2536 681 2593 autem
704 2529 751 2592 eis
774 2527 1015 2612 permovendis
1038 2534 1072 2593 et
1093 2528 1193 2612 quasi
1215 2535 1313 2592 extra
1336 2549 1408 2592 sese
1432 2529 1603 2612 rapiendis
1626 2529 1812 2612 plurimum
1842 2530 1945 2594 inser·

504 2636 616 2700 viunt.
639 2635 799 2699 Leniores
818 2635 1058 2720 exprimuntur
1077 2637 1122 2699 ab
1142 2636 1287 2700 Oratore
1319 2635 1453 2699 blandis
1474 2643 1507 2700 et
1529 2636 1734 2700 amabilibus
1754 2637 1943 2712 sententiis,

501 2762 591 2826 quae
622 2763 663 2807 ex
694 2743 851 2807 doctrina
882 2741 1167 2825 Philosophorum
1198 2742 1239 2806 de
1269 2741 1458 2806 virtutibus
1488 2743 1713 2807 assumendae
1743 2751 1839 2822 sunt;
1870 2751 1946 2808 tum

504 2849 659 2913 oratione
689 2856 794 2933 atque
824 2849 916 2932 stylo
945 2848 1013 2912 leni
1053 2855 1311 2931 pertractantur
1354 2857 1387 2913 et
1418 2869 1502 2913 voce
1532 2849 1682 2914 iucunda
1712 2851 1943 2933 proteruntur.

501 2956 806 3020 Vehementiorum
839 2955 1141 3039 perturbationum
1174 2976 1391 3021 numerosam
1425 2956 1563 3020 subiicit
1597 2955 1820 3040 partitionem
1854 2977 1945 3022 sum-

504 3063 626 3128 matim
643 3069 784 3127 tantum
799 3083 924 3148 genera
938 3062 1112 3147 colligens,
1129 3069 1169 3126 ut
1187 3062 1310 3128 saltem
1327 3083 1408 3127 usus
1425 3083 1543 3127 eorum
1559 3069 1593 3126 et
1611 3084 1680 3126 non
1696 3070 1823 3128 natura
1840 3071 1945 3148 atque

502 3169 693 3253 proprietas
718 3168 938 3254 intelligatur.
967 3169 1054 3234 Sunt
1079 3169 1183 3255 igitur
1207 3190 1325 3234 eorum
1358 3170 1440 3233 haec
1465 3190 1600 3253 genera:
1639 3170 1754 3246 Amor,
1796 3170 1944 3246 Invidia,

503 3276 761 3353 Benevolentia,
791 3277 915 3351 Metus,
946 3276 1177 3361 Contemptio‚
1208 3275 1376 3352 Abiectio,
1406 3276 1578 3361 animique
1608 3277 1767 3354 Laetitia,
1800 3278 1944 3354 Maeror,

501 3383 742 3459 Misericordia,
780 3383 961 3459 Severitas‚
994 3384 1121 3468 quibus
1155 3383 1282 3449 sicum
1317 3383 1432 3448 fructu
1467 3403 1590 3447 causae
1625 3404 1754 3469 suaque
1776 3384 1945 3469 dignitate

500 3490 578 3554 vult
596 3490 648 3554 uti
667 3496 793 3566 orator,
815 3510 977 3574 personas
1007 3491 1206 3555 auditorum
1225 3499 1258 3554 et
1277 3490 1530 3554 controversiae
1548 3498 1711 3555 naturam
1728 3491 1944 3555 considerare

502 3597 616 3673 debet,
637 3617 680 3661 ne
701 3597 736 3660 in
756 3618 865 3681 parva
885 3617 1027 3682 magnos
1047 3604 1081 3661 et
1103 3598 1138 3661 in
1159 3617 1285 3682 magna
1306 3618 1431 3681 parvos
1451 3598 1625 3661 adhibeat.
1649 3597 1715 3661 Sed
1735 3598 1799 3661 nisi
1820 3598 1944 3681 princi-

500 3704 597 3787 pium
613 3704 776 3768 movendi
787 3726 807 3768 a
817 3725 880 3768 sua
890 3724 1036 3787 persona
1052 3704 1180 3779 iecerit,
1194 3712 1269 3768 tum
1285 3724 1396 3767 vanus
1407 3712 1441 3767 et
1454 3704 1569 3767 irritus
1586 3705 1686 3787 plane
1702 3704 1766 3788 ipsi
1786 3712 1945 3783 conatus;

499 3831 588 3894 quae
621 3811 737 3876 omnia
769 3812 813 3875 ab
847 3811 998 3876 Antonio
1030 3811 1195 3895 exemplis
1227 3810 1416 3875 admodum
1458 3809 1676 3876 evidentibus
1718 3811 1943 3876 illustrantur.

502 3917 531 3980 A
552 3917 711 3982 doctrina
731 3926 890 3982 motuum
911 3918 1036 3981 transit
1056 3917 1101 3982 ad
1120 3920 1212 3982 locos
1233 3917 1482 3981 delectationis:
1505 3917 1568 3981 hoc
1592 3926 1643 3982 est
1664 3918 1709 3981 ad
1729 3926 1839 3983 artem
1858 3918 1945 3982 risus

501 4032 536 4087 et
555 4024 631 4101 ioci,
649 4044 797 4108 quorum
816 4032 932 4089 tamen
951 4025 1049 4088 initio
1067 4032 1172 4108 negat
1191 4045 1262 4088 esse
1281 4032 1401 4100 artem,
1421 4032 1482 4088 aut
1501 4024 1613 4108 siqua
1632 4024 1687 4099 sit,
1703 4045 1780 4088 eam
1802 4046 1843 4089 ex
1858 4024 1945 4089 Iulio

501 4131 644 4195 Caesare
673 4152 744 4195 esse
774 4131 1056 4216 cognoscendam.
1091 4131 1213 4215 Itaque
1229 4138 1262 4195 et
1278 4130 1330 4194 hic
1347 4130 1390 4195 ad
1405 4130 1604 4196 convivium
1632 4130 1726 4195 istud
1745 4131 1943 4195 Oratorium

500 4238 685 4302 Tusculani
721 4238 883 4301 habitum
920 4258 1019 4302 suam
1055 4237 1116 4301 dat
1140 4238 1212 4302 sive
1235 4246 1370 4320 partem
1394 4238 1465 4301 sive
1488 4237 1677 4302 collectam.
1703 4240 1751 4303 Ac
1776 4238 1943 4321 principio

500 4344 632 4408 nullam
654 4352 764 4409 artem
786 4365 857 4408 esse
878 4345 1069 4421 contendit,
1091 4345 1260 4429 siquidem
1276 4344 1419 4408 inlibris
1439 4343 1657 4420 Graecorum,
1678 4344 1794 4428 quide
1812 4343 1876 4407 hac
1899 4346 1945 4409 ab

501 4452 579 4515 istis
602 4459 683 4515 sunt
707 4451 838 4527 traditi,
862 4472 1033 4535 nusquam
1055 4452 1263 4516 inveniatur:
1289 4452 1357 4515 imo
1380 4458 1520 4516 tantum
1544 4451 1652 4527 abest,
1676 4457 1715 4515 ut
1739 4451 1943 4515 facetiarum

502 4566 614 4621 artem
627 4558 841 4632 contineant,
857 4566 896 4622 ut
907 4558 1023 4640 potius
1039 4547 1123 4622 nihil
1140 4559 1204 4621 illis
1219 4559 1380 4621 videatur
1396 4579 1466 4621 esse
1483 4558 1642 4621 insulsius
1659 4565 1762 4641 atque
1779 4558 1940 4639 ineptius:

504 4664 580 4728 ideo
607 4685 687 4729 vere
714 4665 783 4728 risu
812 4686 882 4727 esse
910 4665 1066 4749 dignos.¹)
1098 4666 1326 4728 Nihilominus
1354 4671 1471 4728 tamen
1499 4664 1626 4747 aliquid
1666 4685 1700 4727 se
1741 4665 1782 4727 de
1811 4664 1943 4727 facetiis

501 4771 677 4836 dicturum
700 4772 885 4854 promittit,
910 4793 979 4836 non
1003 4781 1042 4836 ut
1057 4772 1207 4856 aliquam
1231 4792 1348 4834 earum
1373 4772 1506 4835 tradere
1529 4771 1612 4834 velit
1637 4778 1758 4847 artem,
1783 4770 1842 4834 sed
1867 4779 1942 4835 tan-

499 4899 605 4961 quam
634 4900 699 4942 usu
728 4885 967 4961 comparatam
998 4879 1283 4953 observationem,
1329 4878 1432 4961 idque
1474 4886 1513 4941 ut
1545 4878 1661 4953 faciat,
1693 4878 1799 4942 etiam
1830 4877 1941 4941 Crassi

500 4992 575 5049 tum
601 4986 813 5050 authoritate
840 4994 917 5049 tum
940 4985 1179 5050 cohortatione
1205 4984 1398 5058 adducitur,
1425 5006 1466 5049 ne
1492 4985 1580 5048 forte
1606 4984 1639 5047 in
1666 4984 1726 5048 tali
1751 4992 1854 5048 coetu
1879 4992 1941 5049 aut

500 5092 533 5154 in
554 5100 626 5156 tam
644 5100 807 5157 accurato
825 5113 979 5157 sermone
998 5093 1112 5176 aliqua
1130 5092 1265 5156 dicendi
1282 5112 1361 5173 pars
1379 5092 1565 5173 praeterita
1582 5092 1752 5155 videatur.
1775 5090 1940 5172 Proponit

499 5209 615 5264 autem
633 5200 674 5263 de
689 5200 757 5263 risu
782 5200 1000 5283 quaestiones
1023 5200 1186 5283 quinque:
1215 5199 1323 5275 initi0‚
1350 5198 1439 5281 Quid
1453 5198 1508 5273 sit,
1537 5206 1622 5275 turn,
1641 5196 1741 5261 Unde
1767 5197 1822 5274 sit,
1850 5204 1939 5280 post,

498 5308 550 5370 An
566 5307 609 5369 sit
625 5307 768 5370 oratoris
793 5328 929 5370 mirvere
954 5307 1070 5378 risum,
1096 5306 1248 5382 tandem,
1272 5306 1449 5389 Quatenus
1473 5326 1552 5369 eum
1572 5326 1710 5370 movere
1734 5304 1870 5382 debeat,
1895 5305 1941 5368 ad

612 5545 632 5611 ¹)
657 5543 728 5595 Cod.
752 5543 858 5611 dignis
