4617 6575
1029 741 1058 792 ll

318 961 492 1026 antecedit
515 960 629 1044 stylus
651 968 728 1024 tum
750 961 939 1026 meditatus
971 969 1047 1026 tum
1069 962 1206 1027 subitus
1241 963 1462 1047 sequiturque
1500 963 1663 1028 memoria
1686 969 1762 1027 tum

318 1089 459 1134 suorum
481 1075 558 1132 tum
579 1069 768 1132 alienorum
789 1068 1009 1152 scriptorum;
1032 1075 1171 1152 oportet
1193 1089 1282 1154 ergo,
1303 1078 1342 1134 ut
1357 1070 1498 1134 accedat
1520 1070 1621 1135 lectio
1643 1077 1762 1153 poeta-

320 1196 407 1252 rum,
430 1175 682 1250 historicorum,
717 1174 868 1260 cognitio
901 1176 1070 1240 bonarum
1091 1176 1218 1241 artium
1240 1183 1274 1240 et
1297 1176 1471 1261 inprimis
1493 1176 1761 1260 Politiaeatque

323 1282 411 1347 Iuris
437 1281 558 1356 civilis
583 1301 673 1365 quae
700 1282 816 1346 omnia
841 1282 1081 1347 confirmanda
1106 1289 1188 1348 sunt
1215 1283 1430 1348 Academicis
1457 1282 1759 1367 disputationibus,

320 1390 376 1454 Ad
398 1389 490 1453 hunc
514 1387 667 1463 modum,
692 1388 721 1451 si
740 1389 818 1472 quis
840 1389 933 1453 domi
969 1389 1062 1454 etin
1084 1389 1208 1454 scholis
1233 1391 1425 1454 Rhetorum
1460 1411 1531 1454 sese
1563 1391 1760 1466 exercuerit,

317 1496 458 1560 demum
472 1516 513 1559 ex
526 1495 593 1558 ista
629 1495 806 1559 umbratili
828 1495 1000 1579 palaestra
1036 1496 1194 1581 progredi
1217 1503 1331 1579 potest
1355 1496 1389 1560 in
1412 1517 1533 1561 verum
1554 1497 1652 1581 quasi
1675 1497 1762 1560 mili-

318 1603 388 1667 tiae
412 1622 586 1685 campum,
613 1603 676 1665 hoc
703 1608 755 1666 est
781 1602 816 1666 in
842 1602 965 1679 forum,
992 1603 1027 1666 in
1051 1602 1194 1667 comitia
1219 1609 1253 1666 et
1279 1603 1314 1668 in
1339 1611 1509 1668 senatum.
1539 1604 1633 1667 Haec
1659 1610 1761 1668 tanta

318 1709 405 1774 adeo
424 1709 600 1774 celeritate
619 1709 787 1792 percurrit
808 1710 959 1785 Crassus,
981 1716 1020 1774 ut
1041 1711 1145 1775 Cotta
1166 1717 1200 1773 et
1222 1709 1415 1794 Sulpiciusl)
1438 1730 1576 1774 cursum
1597 1710 1761 1774 orationis

317 1817 441 1880 saltem
462 1815 667 1899 aspexerint,
697 1815 883 1901 vestigium
911 1835 994 1881 vero
1014 1816 1147 1880 nullum
1170 1817 1327 1881 viderint.
1356 1817 1448 1900 Quos
1469 1835 1547 1882 cum
1569 1817 1603 1881 in
1625 1816 1760 1880 silentio

317 1923 466 1988 multum
487 1923 630 1986 vidisset
654 1923 822 1986 attonitos
848 1923 1021 1998 Scaevola,
1059 1924 1140 2008 ipsis
1163 1925 1288 1988 author
1311 1931 1373 1998 est,
1410 1931 1449 1987 ut
1473 1923 1624 2008 rogando
1647 1931 1761 1988 extor-

312 2037 443 2116 queant
469 2050 490 2094 a
516 2030 553 2094 L.
582 2030 701 2093 Crasso
727 2030 919 2094 uberiorem
944 2030 1067 2096 horum
1093 2031 1247 2094 omnium
1273 2031 1546 2114 explicationem,
1571 2030 1666 2115 quod
1699 2031 1760 2095 ubi

317 2137 488 2212 fecissent,
516 2157 597 2200 suas
624 2136 729 2200 etiam
757 2157 873 2219 preces
900 2136 1055 2222 adiungit
1084 2145 1268 2222 monetque
1295 2157 1468 2222 generum,
1497 2143 1536 2202 ut
1571 2138 1605 2200 in
1634 2137 1696 2200 hac
1726 2157 1761 2200 re

316 2265 447 2309 morem
470 2249 567 2328 gerat
592 2243 867 2308 adolescentibus
891 2243 977 2307 adeo
1000 2243 1134 2327 cupidis
1159 2243 1321 2308 discendi.
1345 2243 1466 2309 Victus
1491 2243 1658 2308 eiusmodi
1685 2263 1760 2327 pre-

315 2351 414 2416 cibus
444 2352 481 2416 L.
514 2350 634 2414 Crasso
664 2351 881 2434 obtemperat
909 2349 1059 2435 quidem,
1090 2351 1151 2414 sed
1178 2351 1330 2436 quadam
1361 2351 1395 2414 in
1426 2357 1523 2434 parte
1564 2351 1758 2415 dumtaxat.

317 2458 408 2522 Nam
431 2458 473 2522 de
495 2465 622 2522 natura
645 2465 679 2521 et
703 2465 788 2533 arte,
811 2478 900 2542 quae
923 2457 988 2521 illis
1020 2465 1071 2521 est
1096 2457 1273 2532 imitatrix,
1310 2457 1394 2521 nihil
1426 2457 1573 2541 amplius
1611 2457 1760 2532 disserit,

317 2573 486 2650 tanquam
511 2564 669 2628 iocularis
694 2564 873 2628 etidcirco
899 2564 1012 2628 minus
1038 2565 1141 2649 digna
1168 2564 1350 2629 Scaevolae
1375 2565 1570 2648 praesentia
1596 2563 1638 2628 de
1664 2585 1760 2647 prae-

315 2670 533 2756 ceptionibus
555 2670 742 2754 puerilibus
764 2670 981 2754 disceptatio:
1006 2670 1076 2734 imo
1094 2691 1136 2734 ex
1150 2681 1225 2735 tam
1247 2672 1434 2735 numerosis
1457 2671 1614 2754 privatae
1637 2671 1761 2734 exerci-

317 2778 460 2842 tationis
491 2778 648 2861 partibus
679 2777 789 2842 solam
805 2777 893 2841 luris
911 2777 1021 2841 civilis
1050 2777 1231 2842 scientiam
1262 2779 1296 2841 in
1323 2797 1446 2842 manus
1477 2779 1583 2842 sumit
1614 2797 1758 2862 eamque

316 2884 499 2969 magnifice
521 2893 598 2948 tum
619 2883 840 2948 commendat
864 2892 940 2949 turn
962 2884 1164 2968 amplificat,
1195 2885 1291 2970 quod
1322 2894 1439 2948 tamen
1463 2884 1571 2969 magis
1594 2884 1638 2948 ob
1663 2885 1761 2950 Scae·
1829 2897 1831 2902 '

316 2992 416 3056 volae
432 2992 662 3075 praesentiam
675 3011 781 3075 quam
797 3000 938 3075 propter
953 2991 1286 3056 adolescentulorum
1301 2991 1490 3056 utilitatem
1504 2991 1586 3056 fecit
1609 2991 1758 3066 Crassus,

317 3097 487 3183 siquidem
514 3098 580 3162 isto
600 3105 753 3181 tempore
773 3099 801 3161 is
822 3105 895 3163 erat
915 3098 1149 3183 eloquentium
1170 3098 1251 3163 iuris
1271 3098 1496 3181 peritissimus
1515 3105 1550 3161 et
1570 3098 1653 3162 iuris
1672 3097 1759 3181 peri-

317 3210 433 3269 torum
449 3204 756 3290 eloquentissimus,
773 3205 871 3269 cuius
887 3205 934 3269 rei
950 3213 985 3269 et
1002 3207 1065 3269 hoc
1082 3213 1134 3270 est
1151 3205 1326 3280 indicium,
1341 3205 1436 3291 quod
1452 3205 1497 3268 ad
1514 3206 1601 3268 hanc
1624 3212 1760 3289 partem

317 3312 483 3377 orationis
508 3312 684 3376 Crassinae
708 3311 795 3376 nihil
819 3312 928 3387 addit,
954 3313 1015 3376 sed
1040 3321 1190 3389 tantum,
1217 3320 1256 3378 ut
1282 3313 1428 3378 retineat
1453 3313 1664 3397 gravitatem
1691 3313 1758 3376 Ro·

318 3439 468 3496 manam,
497 3417 542 3482 ad
555 3419 633 3495 ista,
661 3418 854 3503 dequibus
881 3419 1021 3484 Crassus
1047 3420 1216 3495 disseruit,
1245 3420 1331 3484 serio
1344 3420 1581 3505 cognoscenda
1608 3419 1760 3503 graviter

317 3527 521 3590 cohortatur
540 3525 782 3590 adolescentes.
819 3525 906 3590 Cum
925 3534 1042 3590 autem
1062 3526 1118 3590 isti
1139 3534 1401 3611 praeceptorum
1417 3548 1554 3612 quoque
1573 3526 1759 3611 longiorem

317 3632 581 3716 explicationem
612 3632 812 3717 flagitent2),
845 3639 896 3707 ut,
926 3652 996 3716 quo
1026 3633 1141 3697 minus
1171 3634 1337 3717 valeant³)
1381 3634 1527 3718 ingeni0‚
1560 3654 1600 3697 eo
1632 3633 1760 3697 maiore

317 3739 494 3824 diligentia
511 3738 703 3803 subsidium
720 3740 766 3803 ab
783 3747 868 3815 arte,
884 3760 974 3824 quae
992 3747 1043 3803 est
1062 3741 1178 3824 regula
1196 3741 1410 3824 prudentiae,
1429 3740 1494 3803 sibi
1512 3740 1644 3823 possint
1667 3759 1759 3803 com·

317 3867 438 3930 parare
444 3867 452 3923 ;
472 3853 549 3909 tum
567 3846 707 3910 Crassus
725 3844 761 3908 id
778 3846 904 3909 laboris
922 3847 1091 3930 suscipere
1109 3848 1211 3931 plane
1230 3868 1299 3911 non
1318 3847 1405 3921 vult,
1427 3847 1526 3931 quasi
1545 3846 1611 3911 ista
1630 3845 1758 3930 discep-

317 3953 406 4018 tatio
431 3953 476 4017 sit
501 3952 603 4017 valde
629 3952 777 4016 insolens
802 3952 872 4016 suis
898 3952 1031 4028 studiis,
1058 3954 1119 4017 sed
1144 3954 1179 4017 id
1206 3954 1316 4017 oneris
1350 3953 1496 4037 imponit
1522 3954 1567 4019 M.
1596 3953 1758 4027 Antonio,

314 4060 374 4144 qui
401 4067 663 4144 praeceptorum
691 4060 775 4123 artis
802 4057 948 4133 dicendi,
974 4081 1064 4143 quae
1091 4061 1125 4123 in
1153 4060 1277 4125 scholis
1303 4060 1495 4124 Rhetorum
1520 4060 1757 4134 tradebantur,

317 4167 367 4231 ita
396 4175 470 4232 erat
500 4150 735 4250 peritissimus,
766 4167 855 4231 sicut
884 4167 1076 4249 imperitiae
1106 4173 1210 4252 atque
1241 4168 1395 4231 omnium
1439 4167 1577 4242 artium,
1612 4166 1759 4230 maxime

320 4272 528 4339 Graecarum
547 4274 733 4348 literarum,
760 4273 971 4357 ignorantiae
995 4273 1176 4337 simulator
1205 4273 1514 4338 artificiosissimus
1534 4272 1663 4337 Verum
1692 4272 1757 4347 hic,

317 4389 357 4445 ut
387 4401 449 4465 pro
479 4381 640 4464 imposito
681 4400 781 4444 onere
811 4381 963 4463 aliquam
992 4379 1184 4445 mercedem
1226 4380 1381 4444 redderet
1413 4380 1542 4455 Crasso,
1574 4380 1760 4463 praeterita

318 4508 455 4571 prorsus
471 4487 705 4571 disputatione
722 4486 764 4550 de
780 4487 972 4570 praeceptis
988 4487 1074 4550 bene
1090 4487 1225 4551 dicendi
1247 4525 1279 4533 —
1301 4486 1346 4563 id,
1362 4487 1457 4573 quod
1473 4487 1613 4551 unicum
1633 4506 1760 4571 magno

318 4593 483 4659 desiderio
516 4595 747 4677 expectabant
782 4592 1018 4657 adolescentes
1043 4632 1078 4639 —
1103 4593 1148 4657 ad
1170 4594 1414 4658 refutationem
1436 4594 1582 4658 Crassini
1605 4593 1760 4657 Oratoris

317 4700 474 4765 adhibita
497 4701 531 4764 in
556 4700 765 4784 disputando
790 4701 914 4765 festina
937 4701 994 4765 illa
1018 4701 1126 4765 ironia
1160 4701 1332 4765 Socratica
1356 4722 1456 4765 suam
1486 4701 1658 4764 convertit
1683 4720 1757 4763 ora-

317 4808 457 4873 tionem.
480 4808 583 4871 Cuius
603 4807 741 4872 initium
761 4809 906 4891 sumpsit
928 4828 949 4871 a
970 4808 1080 4892 prima
1102 4807 1254 4871 methodi
1272 4808 1484 4893 quaestione,
1499 4827 1679 4892 perquam
1700 4827 1758 4869 ve-

317 4916 465 5000 stigatur
503 4914 768 4999 uniuscuiusque
788 4915 834 4978 rei
856 4913 1022 4990 definitio,
1044 4914 1085 4978 de
1103 4935 1172 4998 qua
1194 4915 1379 4997 suscipitur
1398 4912 1613 4998 disceptatio
1636 4913 1702 4979 Sed
1723 4910 1758 4977 i'n

317 5020 513 5085 definiendo
537 5021 682 5085 Oratore
704 5042 784 5085 cum
809 5020 1009 5085 Menedemo
1033 5030 1067 5085 et
1092 5022 1256 5085 Scaevola
1279 5022 1441 5085 convenit
1466 5042 1630 5086 accusans
1654 5040 1758 5104 supra

317 5128 467 5211 positam
495 5127 733 5191 definitionem
761 5128 882 5203 Crassi,
910 5128 1009 5212 quasi
1038 5135 1179 5212 propter
1226 5127 1492 5193 redundantiam
1533 5128 1578 5191 sit
1619 5128 1756 5205 vitiosa,

430 5312 450 5380 ¹)
475 5316 517 5373 ,et
536 5310 695 5379 Sulpicius‘
709 5318 741 5364 et
752 5313 891 5385 sequenti
911 5314 1073 5367 enuntiato
1093 5312 1258 5373 ,Scaevola‘
1278 5312 1416 5383 supplevi
1436 5328 1473 5365 ex
1491 5311 1550 5366 Cic.
1572 5310 1637 5365 libr.
1660 5311 1696 5364 de
1717 5326 1759 5363 or.

320 5398 356 5461 1,
416 5440 423 5462 ‚
559 5442 564 5452 .

378 5412 412 5469 3⁵
431 5402 556 5557 5168on
568 5490 682 5542 valent.

426 5580 447 5648 ⁸)
468 5578 540 5633 eoo
560 5577 744 5647 flagitarent
