4617 6575
1093 653 1130 706 25

394 878 434 941 In
452 877 510 940 illo
527 877 647 940 histrio
665 897 734 942 non
752 884 804 940 est
821 877 1023 954 imitandus;
1039 877 1187 941 laterum
1204 884 1319 942 motus
1336 877 1439 940 debet
1457 897 1527 942 esse
1544 875 1642 942 fortis
1659 885 1693 941 et
1710 877 1829 953 viriliS,

390 1004 512 1048 manus
536 1004 606 1047 non
632 984 776 1048 nimium
802 991 955 1068 argutae,
981 985 1121 1048 brachia
1147 1003 1216 1046 non
1242 983 1423 1048 incurvata
1462 984 1506 1047 ad
1537 991 1669 1068 pectus,
1709 986 1768 1049 sed
1794 985 1828 1048 in

389 1092 531 1174 longum
571 1091 723 1175 proiecta
763 1099 798 1155 et
826 1097 978 1165 extensa,
1008 1097 1047 1154 ut
1076 1091 1246 1174 impetum
1274 1091 1442 1154 oratoriae
1469 1090 1700 1156 contentionis
1728 1091 1830 1176 signi-

390 1197 508 1272 ficent,
531 1198 655 1281 inqua
675 1197 747 1260 sive
768 1197 977 1261 exordienda
997 1197 1069 1260 sive
1090 1196 1243 1261 finienda
1264 1197 1517 1281 supplosionem
1538 1197 1634 1281 pedis
1655 1197 1830 1262 interdum

391 1311 527 1387 oportet
550 1303 722 1367 adhibere.
747 1302 925 1368 Postrema
946 1324 1026 1386 pars
1048 1304 1193 1369 actionis
1215 1315 1266 1367 est
1288 1303 1417 1378 vultus,
1437 1304 1497 1388 qui
1519 1311 1570 1367 est
1592 1303 1702 1368 veluti
1724 1305 1829 1368 animi

283 1402 286 1407 ¹
387 1410 560 1496 quaedam
589 1409 701 1486 Actio,
731 1410 900 1495 siquidem
928 1431 969 1474 ex
998 1409 1056 1474 illo
1084 1411 1281 1475 coniectura
1306 1409 1458 1496 quadam
1487 1409 1651 1493 prudenti
1680 1411 1829 1476 hominis

390 1518 526 1581 animus
547 1516 696 1581 maxime
717 1517 995 1600 deprehenditur.
1019 1515 1090 1582 Nec
1112 1517 1206 1581 aliud
1228 1524 1290 1592 est,
1310 1537 1416 1601 quam
1437 1517 1576 1580 habitus
1596 1517 1739 1603 quidam
1761 1519 1829 1582 oris

390 1631 424 1688 et
444 1624 633 1700 oculorum,
650 1644 800 1708 quorum
818 1622 908 1688 illius
927 1623 1078 1707 dignitas
1095 1624 1129 1686 in
1150 1623 1283 1708 agendo
1302 1623 1481 1707 diligenter
1500 1631 1551 1687 est
1570 1623 1829 1700 consideranda,

390 1752 432 1796 ne
458 1739 518 1795 aut
544 1737 643 1795 vaste
668 1731 853 1794 diducatur
877 1737 938 1794 aut
963 1730 1115 1795 deforme
1140 1738 1353 1815 torqueatur:
1380 1731 1443 1795 hoc
1470 1739 1532 1806 est,
1558 1751 1601 1794 ne
1625 1731 1751 1796 Orator
1773 1733 1830 1796 vel

391 1838 436 1901 ad
455 1838 603 1922 ineptias
617 1839 673 1902 vel
703 1838 749 1901 ad
780 1837 990 1922 pravitatem
1019 1837 1196 1922 quandam
1227 1837 1410 1902 deferatur.
1445 1837 1542 1903 Oculi
1574 1846 1692 1901 autem
1736 1858 1831 1903 more

390 1944 542 2009 Taurisci
570 1945 660 2009 illius
699 1944 874 2009 histrionis
914 1946 959 2008 ab
986 1943 1202 2008 auditoribus
1229 1943 1343 2028 inepte
1372 1944 1481 2008 averti
1521 1965 1589 2010 non
1618 1945 1755 2010 debent.
1788 1946 1828 2009 ln

390 2051 442 2114 his
463 2052 623 2116 omnibus
642 2052 695 2115 vis
712 2052 886 2136 quaedam
904 2052 994 2115 inest
1013 2071 1034 2115 a
1054 2058 1180 2116 natura
1199 2051 1329 2114 homini
1349 2051 1442 2127 data,
1470 2059 1510 2115 ut
1530 2051 1675 2116 Actione
1694 2052 1827 2137 vulgus,

393 2159 543 2243 imperiti
563 2165 597 2222 et
616 2159 754 2223 barbari
772 2159 1066 2222 commoveantur.
1089 2157 1154 2223 Sed
1173 2158 1208 2222 in
1228 2157 1382 2222 Actionis
1400 2179 1465 2222 usu
1483 2165 1587 2243 atque
1606 2158 1707 2223 laude
1726 2158 1829 2242 pluri-

390 2286 486 2330 mum
506 2265 572 2328 sibi
592 2265 772 2349 vindicat¹)
795 2286 876 2340 vox,
898 2266 942 2329 ad
960 2285 1067 2350 quam
1087 2265 1313 2329 obtinendam
1333 2265 1418 2328 nihil
1438 2263 1557 2329 utilius
1576 2266 1695 2330 crebra
1716 2271 1831 2329 muta-

390 2372 495 2446 tione,
520 2372 605 2435 nihil
629 2371 851 2454 perniciosius
880 2392 987 2457 quam
1010 2371 1121 2436 effusa
1145 2371 1217 2436 sine
1242 2371 1490 2436 intermissione
1514 2373 1701 2448 contenti0,
1727 2372 1829 2458 idque

390 2478 539 2543 illustrat
566 2480 722 2563 exemplo
748 2480 783 2544 C.
814 2477 968 2544 Gracchi.
996 2478 1086 2543 Huic
1112 2477 1205 2543 enim
1229 2478 1445 2543 contionanti
1470 2471 1620 2542 musicus
1645 2485 1724 2562 post
1750 2500 1829 2544 eum

389 2585 579 2650 consistens
608 2585 727 2649 fistula
754 2586 875 2650 modos
903 2587 1131 2662 monstrabat,
1158 2585 1285 2670 quibus
1313 2585 1462 2650 debebat
1490 2605 1612 2652 vocem
1640 2586 1827 2651 intendere.

390 2691 455 2756 Sed
477 2693 675 2776 exemplum
696 2693 797 2756 huius
819 2692 956 2756 fistulae
978 2692 1013 2756 in
1035 2713 1115 2757 eum
1136 2693 1243 2756 finem
1264 2691 1454 2776 proposuit,
1477 2712 1520 2756 ne
1542 2692 1577 2756 in
1600 2693 1745 2758 dicendo
1767 2701 1829 2758 aut

389 2799 592 2883 gravissimo
616 2805 678 2864 aut
702 2798 900 2864 acutissimo
924 2800 1020 2862 vocis
1043 2820 1127 2864 sono
1151 2800 1277 2865 Orator
1301 2806 1432 2876 utatur,
1457 2799 1517 2864 sed
1542 2806 1580 2863 ut
1605 2800 1768 2876 medium,
1793 2801 1828 2864 in

390 2926 460 2990 quo
482 2907 595 2971 virtus
618 2906 787 2982 consistit,
812 2911 846 2970 et
869 2925 988 2970 ornnes
1011 2926 1064 2970 res
1086 2888 1190 2981 laute,
1216 2905 1327 2991 digne,
1351 2906 1540 2990 prudenter
1563 2906 1701 2992 deligat,
1725 2907 1830 2993 idque

389 3033 452 3097 pro
464 3013 549 3088 locu,
565 3034 627 3098 pro
640 3020 795 3098 tempore
807 3021 842 3077 et
854 3033 917 3096 pro
930 3013 1063 3077 ratione
1076 3011 1239 3076 materiae
1252 3012 1372 3077 variet.
1391 3014 1433 3077 ln
1446 3013 1498 3077 his
1511 3012 1628 3100 itaque
1640 3015 1829 3079 secundum

391 3119 502 3183 Crassi
522 3120 731 3184 sententiam
751 3119 912 3184 universa
930 3120 984 3184 vis
1004 3119 1159 3184 Actionis
1179 3119 1348 3194 consistit,
1366 3140 1456 3204 quae
1477 3119 1543 3184 fuit
1563 3120 1730 3204 posterior
1749 3141 1830 3204 pars

391 3226 637 3311 disputationis
659 3226 738 3292 huic
761 3226 909 3291 sermoni
932 3227 976 3291 ab
1000 3225 1152 3292 Antonio
1175 3223 1355 3292 attributa.

499 3334 641 3399 Crassus
671 3334 842 3418 deinceps,
874 3342 913 3398 ut
945 3334 1065 3398 decore
1097 3333 1256 3397 universa
1287 3334 1370 3397 haec
1403 3334 1594 3418 disputatio
1624 3334 1667 3399 de
1697 3335 1829 3399 ratione

390 3440 525 3504 dicendi
558 3441 796 3516 concludatur,
831 3440 984 3505 modeste
1018 3460 1120 3504 suum
1153 3460 1347 3505 sermonem
1379 3447 1544 3505 extenuat
1580 3447 1614 3505 et
1649 3441 1830 3505 tenuitatis

389 3568 532 3611 causam
553 3548 687 3612 confert
710 3548 743 3611 in
769 3555 917 3632 tempus.
942 3547 1085 3611 Catulus
1107 3568 1200 3623 vero,
1225 3567 1267 3613 ne
1285 3554 1359 3611 tarn
1382 3548 1577 3631 praeclarus
1600 3548 1710 3613 Crassi
1734 3549 1831 3613 labor

390 3654 481 3718 iusta
509 3654 665 3718 mercede
693 3654 927 3730 defraudetur,
941 3655 1056 3739 ipsum
1082 3654 1204 3718 laudat
1232 3662 1266 3718 et
1281 3656 1368 3718 hanc
1398 3654 1591 3719 doctrinam
1621 3654 1830 3719 Graecorum

390 3760 561 3845 magistris
585 3761 685 3845 longe
711 3761 892 3846 anteponit
918 3762 1050 3846 sibique
1075 3761 1262 3845 plurimum
1288 3761 1493 3846 gratulatur,
1516 3762 1610 3846 quod
1637 3762 1738 3826 huius
1764 3781 1830 3825 ser-

390 3867 500 3930 monis
519 3868 623 3931 fuerit
643 3867 816 3953 particeps
836 3868 959 3932 factus.
984 3867 1050 3932 Sed
1070 3876 1188 3932 tamen
1209 3868 1322 3951 generi
1343 3868 1396 3931 sui
1414 3869 1454 3953 Q.
1479 3868 1653 3932 Hortensii
1673 3888 1831 3953 praesen-

389 3974 475 4038 tiam
492 3975 681 4038 admodum
697 3975 879 4051 desiderat,
897 3976 994 4039 cuius
1010 3974 1168 4058 exemplo
1184 3974 1288 4039 Cotta
1305 3981 1339 4038 et
1358 3974 1526 4058 Sulpicius
1543 3974 1588 4039 ad
1605 3975 1831 4059 Eloquentiae

388 4081 543 4145 studium
567 4082 772 4146 excitantur.

980 4222 1242 4311 Epssogus

498 4366 676 4441 Contexui,
727 4366 844 4431 Carole
883 4367 983 4442 Bar0,
1019 4366 1315 4452 quemadmodum
1362 4368 1472 4451 potui,
1510 4386 1683 4430 summam
1721 4366 1832 4431 totius

389 4471 644 4557 disputationis,
672 4494 778 4557 quam
806 4473 1094 4557 praestantissimi
1122 4473 1171 4537 illi
1199 4474 1292 4537 cives
1322 4472 1471 4537 Romani
1498 4472 1605 4536 biduo
1633 4473 1830 4538 habuerunt

388 4580 430 4643 de
457 4579 618 4643 universa
645 4579 780 4644 dicendi
806 4580 948 4645 ratione.
966 4580 1137 4665 Equidem
1151 4588 1298 4645 conatus
1324 4600 1400 4644 sum
1427 4580 1596 4643 Theseum
1623 4580 1762 4655 imitari,
1792 4587 1831 4644 ut

389 4685 462 4762 tibi,
490 4687 518 4749 si
544 4686 605 4750 hos
631 4686 734 4750 libros
760 4687 868 4772 legere
893 4687 1008 4762 velles,
1047 4688 1203 4751 methodi
1228 4694 1263 4750 et
1287 4686 1431 4753 rationis
1470 4686 1538 4761 filo,
1566 4706 1606 4750 ex
1633 4686 1833 4770 labyrintho

388 4791 459 4856 sive
484 4793 703 4857 difficultatis
726 4794 797 4857 sive
821 4793 1043 4858 obscuritatis
1066 4794 1189 4858 saltem
1213 4794 1328 4878 aliqua
1350 4801 1450 4877 parte
1472 4794 1566 4857 viam
1590 4800 1829 4859 monstrarem.

389 4898 466 4962 Non
488 4900 579 4963 enim
600 4900 823 4983 interpretem
844 4901 896 4985 egi
917 4910 979 4965 aut
1000 4908 1320 4975 commentatorem,
1334 4900 1394 4985 qui
1407 4899 1539 4984 singula
1557 4900 1710 4965 excutiat
1732 4920 1832 4964 accu-

388 5013 473 5081 rate,
499 5006 648 5092 nequid
672 5007 835 5071 remorari
859 5008 967 5092 possit
993 5006 1256 5091 intelligentiam
1280 5007 1427 5081 lectoris
1454 5006 1513 5070 sed
1535 5006 1831 5092 quemadmodum

387 5113 458 5177 dux
478 5113 555 5176 viae
576 5113 708 5198 magnis
729 5113 909 5178 itineribus
929 5123 964 5178 et
985 5114 1081 5178 velut
1102 5134 1163 5197 per
1183 5134 1289 5197 equos
1309 5114 1492 5197 dispositos
1513 5121 1630 5178 tecum
1649 5114 1832 5179 Oratorem

389 5219 559 5284 Ciceronis
582 5221 741 5303 percurri.
764 5221 894 5286 Verum
917 5228 952 5285 et
969 5221 1032 5285 hoc
1048 5241 1092 5284 an
1106 5221 1171 5284 sim
1194 5226 1409 5293 consecutus
1434 5220 1486 5284 tui
1509 5220 1625 5284 iudicii
1648 5228 1732 5285 esto.
1758 5220 1832 5304 Ego

388 5326 524 5389 etiamsi
538 5327 601 5389 tibi
616 5327 703 5390 forte
717 5327 925 5403 satisfecero,
940 5328 1023 5391 mihi
1037 5335 1156 5391 tamen
1170 5327 1263 5391 nullo
1290 5327 1393 5391 modo
1415 5326 1575 5392 satisfeci.
1602 5328 1720 5413 Neque
1739 5327 1831 5391 enim

504 5496 524 5559 ¹)
549 5493 622 5545 Cod.
645 5494 799 5547 vendicat.
