4617 6575
1048 604 1083 656 23

344 826 456 910 turpis
474 825 531 889 vel
549 824 657 889 maior
674 825 730 890 vel
748 825 859 890 minor
876 847 983 910 quam
1001 847 1064 910 par
1082 827 1137 891 sit,
1160 826 1390 891 Translationi
1409 825 1546 890 subiicit
1566 826 1782 910 Allegoriam‚

343 934 465 1017 inqua
484 932 577 996 aliud
596 932 723 997 dicitnr
741 941 774 997 et
794 932 887 997 aliud
900 933 1113 1018 intelligitur,
1128 933 1233 1018 quod,
1255 932 1283 996 si
1302 933 1476 997 obscurior
1494 941 1545 996 est
1565 933 1686 1010 oratio,
1707 940 1784 998 tum

344 1039 512 1125 Aenigma
541 1039 700 1104 eflicitur.
734 1040 984 1124 Metonymiam
1011 1061 1160 1125 quoque,
1192 1039 1227 1103 id
1257 1047 1308 1104 est
1351 1039 1582 1104 mutationem
1623 1040 1782 1116 nominis,

341 1147 500 1211 annectit
521 1145 762 1221 Translationi‚
783 1145 863 1210 licet
877 1146 967 1210 inter
980 1167 1015 1210 se
1030 1146 1216 1211 videantur
1236 1167 1304 1210 non
1326 1146 1411 1209 nihil
1431 1167 1501 1210 esse
1516 1147 1782 1224 discriminatae,

338 1254 424 1339 quia
438 1253 473 1316 in
489 1254 551 1317 hac
567 1273 701 1337 semper
714 1261 766 1317 est
781 1253 981 1329 similitudo,
997 1253 1033 1317 in
1047 1253 1106 1317 illa
1120 1254 1215 1317 nulla
1229 1253 1452 1337 comparatio.
1471 1253 1534 1317 His
1550 1253 1782 1338 Synecdoche,

284 1416 287 1421 .
343 1381 424 1424 cum
447 1382 490 1425 ex
511 1367 609 1444 parte
633 1367 748 1424 toturn
769 1367 831 1424 aut
853 1367 975 1424 contra
997 1381 1039 1424 ex
1062 1367 1138 1424 toto
1161 1380 1240 1444 pars
1263 1359 1475 1444 intelligitur,
1508 1367 1559 1424 est
1596 1360 1784 1425 admodum

345 1467 495 1532 finitima
517 1474 551 1531 et
575 1466 734 1531 omnibus
756 1466 954 1552 frequenter
975 1467 1199 1543 CatachresiS,
1223 1467 1286 1530 hoe
1311 1474 1363 1530 est
1385 1466 1516 1540 abusi0,
1539 1467 1780 1533 committitur.

345 1574 391 1638 Et
414 1575 498 1638 haec
522 1573 564 1638 de
585 1573 701 1638 verbis
722 1573 872 1658 singulis.
901 1575 941 1638 In
974 1573 1173 1638 Coniunctis
1205 1574 1261 1638 vel
1292 1574 1326 1637 in
1357 1573 1569 1658 singulorum
1599 1575 1783 1639 verborum

337 1681 602 1745 continuatione
634 1680 787 1765 primum
817 1680 931 1745 locum
963 1680 1028 1744 sibi
1059 1680 1269 1765 vindicare1)
1307 1680 1394 1744 dixit
1427 1679 1693 1745 Collocationem
1724 1703 1783 1746 seu

339 1787 644 1872 Compositionem.
665 1787 862 1852 Videndum
884 1787 998 1872 igitur,
1022 1808 1064 1852 ne
1087 1788 1121 1850 in
1143 1789 1207 1851 hac
1231 1787 1275 1852 sit
1298 1807 1397 1871 asper
1418 1787 1683 1851 consonantium
1703 1807 1782 1852 con-

342 1915 461 1958 cursus
482 1915 593 1979 neque
616 1894 723 1958 etiam
742 1895 859 1958 creber
880 1895 1053 1958 vocalium
1074 1884 1215 1978 h‘vatus,
1239 1894 1426 1979 exquibus
1448 1893 1589 1958 tandem
1612 1895 1727 1959 suavis
1748 1904 1782 1960 et

343 2022 536 2077 numerosa,
568 2002 624 2065 vel
653 2000 753 2087 quasi
784 2001 963 2065 modulata
995 2001 1147 2066 exoritur
1179 2001 1298 2066 oratio,
1334 2000 1490 2064 Alterum
1522 2000 1638 2086 itaque
1670 2001 1783 2066 locum

342 2107 379 2171 in
408 2108 523 2172 verbis
550 2107 744 2172 coniunctis
772 2108 837 2171 sibi
875 2107 1054 2191 vindicat2)
1087 2109 1259 2172 Numerus
1289 2108 1477 2182 Oratorius,
1507 2108 1604 2172 cuius
1634 2108 1783 2192 primum

342 2216 526 2279 authorem
552 2214 636 2278 lacit
666 2216 864 2289 Isocratem,
897 2214 992 2299 quod
1018 2215 1188 2279 rationem
1214 2214 1412 2289 ostenderit,
1436 2213 1611 2299 quomodo
1636 2235 1678 2278 ex
1704 2236 1782 2299 poe-

347 2322 422 2386 ticis
449 2321 606 2385 versibus
634 2329 815 2385 mutuatus
842 2320 1014 2385 dissimilis
1028 2323 1143 2386 versui
1155 2322 1280 2385 confici
1295 2321 1412 2406 possit,
1431 2322 1476 2385 Et
1488 2321 1783 2405 quemadmodum

338 2429 454 2492 oratio
478 2449 660 2492 numerosa
684 2434 746 2503 est,
774 2427 882 2492 facilis
907 2435 941 2492 et
965 2436 1124 2504 venusta,
1150 2429 1200 2492 ita
1219 2436 1403 2513 praecepta
1428 2427 1469 2490 de
1496 2427 1647 2492 Numero
1672 2429 1783 2493 multa

337 2543 378 2600 et
396 2534 552 2599 difficilia
568 2555 637 2600 non
653 2543 746 2599 sunt:
765 2555 887 2598 verum
902 2543 1018 2600 tamen
1038 2536 1077 2598 iis
1095 2536 1182 2599 bene
1199 2535 1252 2599 uti
1269 2542 1303 2599 et
1322 2535 1357 2598 in
1374 2555 1476 2619 prosa
1493 2533 1647 2600 oratione
1665 2555 1782 2600 nume-

341 2663 415 2706 rose
442 2641 590 2706 scribere
615 2642 679 2706 hoc
706 2662 802 2726 opuS,
829 2642 883 2705 hic
910 2642 1008 2705 labor
1026 2651 1087 2707 est.
1118 2642 1235 2727 Neque
1263 2649 1380 2706 tamen
1408 2641 1578 2705 Numerus
1605 2642 1783 2706 Oratorius

338 2769 386 2812 ex
404 2748 565 2812 omnibus
582 2748 765 2812 coniicitur
782 2748 936 2832 pedibus.
957 2748 1097 2812 Crassus
1116 2749 1229 2834 igitur,
1249 2755 1387 2812 secutus
1405 2748 1440 2811 in
1459 2748 1521 2811 hac
1550 2755 1659 2832 parte,
1680 2759 1718 2812 ut
1747 2749 1782 2813 in

343 2855 419 2918 aliis
451 2854 580 2932 multis,
601 2854 792 2920 doctrinam
823 2855 1027 2930 Aristotelis,
1054 2855 1218 2919 lamburn
1249 2863 1283 2919 et
1315 2855 1529 2919 Trochaeum
1561 2854 1596 2919 in
1629 2856 1782 2919 oratione

341 2962 537 3047 trequentes
548 2982 619 3025 esse
630 2982 697 3026 non
708 2962 795 3038 vult,
810 2962 1008 3046 Dactylum‚
1020 2962 1228 3046 Spondeum,
1240 2943 1588 3046 Anapaestum,'duos
1601 2961 1778 3046 Paeonas³)

344 3077 379 3132 et
401 3068 575 3134 Creticum
595 3070 825 3132 commendat.
852 3068 964 3132 Huius
986 3077 1104 3132 autem
1126 3069 1198 3132 sive
1221 3069 1304 3132 artis
1327 3069 1399 3132 sive
1421 3068 1563 3132 rationis
1585 3069 1782 3133 observatio

343 3174 378 3238 in
403 3195 443 3240 eo
468 3175 637 3250 consistit,
664 3196 706 3239 ne
732 3176 766 3239 in
792 3196 894 3259 prosa
918 3196 1037 3239 versus
1075 3176 1207 3259 integer
1232 3176 1421 3259 reperiatur
1445 3196 1532 3240 neve
1559 3175 1780 3239 Periodorum

340 3283 413 3346 sive
440 3282 790 3368 Comprehensionum
825 3282 924 3359 initia
947 3282 1154 3367 principium
1177 3282 1337 3346 carminis
1361 3292 1423 3347 aut
1450 3282 1584 3347 illorum
1609 3281 1781 3347 clausulae

345 3390 446 3454 huius
470 3390 576 3454 linem
599 3389 757 3453 referant.
783 3390 1011 3454 Numerosam
1034 3390 1125 3453 enim
1148 3398 1286 3474 oportet
1310 3410 1381 3454 esse
1404 3390 1605 3463 orationem,
1631 3389 1690 3454 sed
1714 3410 1781 3454 non

344 3517 492 3561 carmen.
517 3496 616 3560 Hanc
639 3497 684 3560 ob
704 3517 844 3560 causam
866 3496 1005 3559 Crassus
1027 3496 1208 3561 discrimen
1231 3497 1320 3561 inter
1342 3497 1519 3561 Poeticum
1540 3496 1782 3561 Oratoriumve

344 3623 525 3667 numerum
554 3624 623 3667 non
653 3603 791 3688 negligit
823 3602 970 3666 indicare
1001 3611 1035 3666 et
1064 3604 1208 3689 ingenue
1237 3604 1424 3668 confitetur
1453 3624 1487 3667 se
1518 3602 1710 3667 doctrinam
1740 3604 1782 3667 de

347 3710 497 3774 Numero
522 3712 567 3774 ab
593 3710 775 3774 Aristotele
800 3717 835 3773 et
860 3709 1107 3793 Theophrasto,
1134 3732 1203 3774 non
1228 3719 1346 3774 autem
1371 3711 1405 3773 in
1432 3710 1623 3774 Rhetorum
1659 3710 1781 3774 scholis

345 3816 510 3881 didicisse.
547 3816 593 3881 Et
618 3817 700 3902 quia
728 3817 762 3880 in
791 3816 939 3901 periodis
967 3817 1116 3881 maxime
1142 3817 1353 3901 conspicitur
1380 3837 1551 3888 numerus,
1581 3824 1709 3892 monet,
1739 3838 1781 3880 ne

343 3923 508 3989 faciamus
547 3924 602 3987 vel
628 3923 773 3987 nimium
812 3924 933 3987 breves
971 3924 1026 3987 vel
1066 3924 1211 3988 nimium
1245 3924 1373 4008 longas,
1398 3923 1480 4007 quia
1506 3924 1570 3986 hae
1597 3923 1780 3987 oflendunt

343 4031 543 4094 memoriam
558 4038 592 4095 et
608 4030 684 4094 illae
699 4030 892 4114 impediunt
908 4030 1181 4116 intelligentiam,
1203 4030 1262 4094 sed
1277 4040 1316 4095 ut
1331 4031 1421 4094 inter
1435 4030 1517 4119 haec
1533 4029 1602 4093 duo
1617 4029 1780 4107 medium,

342 4158 402 4221 per
417 4137 510 4221 quod
529 4137 703 4202 tutissima
717 4158 850 4221 semper
868 4146 918 4201 est
938 4138 1006 4212 via,
1027 4138 1207 4222 diligenter
1225 4138 1456 4212 observemus,
1475 4136 1644 4201 clausulas
1663 4144 1780 4201 tamen

343 4242 450 4307 initiis
476 4244 694 4328 periodorum
721 4243 888 4327 longiores
915 4226 984 4308 non
1012 4244 1195 4328 improbat.
1227 4245 1271 4307 Et
1296 4244 1461 4329 quoniam
1489 4250 1564 4307 tota
1592 4244 1674 4307 haec
1702 4264 1781 4327 pars

342 4359 377 4415 et
396 4349 553 4415 doctrina
571 4350 613 4415 de
632 4350 885 4434 Compositione
917 4351 1076 4416 Oratoria
1103 4350 1291 4415 admodum
1317 4350 1439 4436 exigua
1457 4359 1507 4414 est
1526 4351 1559 4414 in
1579 4351 1779 4434 praeceptis

340 4457 375 4520 in
401 4478 464 4521 usu
490 4465 608 4521 autem
632 4458 792 4532 maxima,
819 4457 895 4521 ideo
921 4466 1057 4521 tantam
1082 4464 1222 4543 tamque
1248 4459 1394 4521 multam
1419 4466 1453 4521 et
1478 4457 1651 4521 assiduam
1681 4458 1716 4520 in
1741 4478 1781 4520 ea

341 4563 623 4628 exercitationem
652 4565 696 4628 ab
726 4565 870 4628 Oratore
900 4564 1048 4648 flagitat,
1079 4571 1118 4629 ut
1148 4564 1258 4629 oratio
1288 4565 1359 4628 eius
1388 4564 1503 4628 subita
1533 4585 1600 4628 non
1632 4565 1780 4628 multum

341 4690 362 4733 a
387 4671 516 4754 scripta
542 4671 678 4735 differre
703 4671 873 4735 videatur.
905 4670 946 4735 Id
972 4680 1089 4735 autem
1113 4672 1275 4756 consequi
1301 4671 1441 4735 difficile
1466 4692 1535 4735 non
1561 4692 1643 4747 esse,
1671 4671 1780 4735 multo

339 4778 462 4853 minus,
490 4786 530 4841 ut
552 4777 694 4863 quidam
718 4777 867 4860 imperiti
892 4786 1031 4861 putant,
1059 4800 1130 4842 esse
1166 4778 1384 4863 impossibile,
1421 4778 1577 4861 exemplo
1611 4779 1780 4841 bonorum

340 4883 527 4948 Poetarum
559 4884 784 4959 demonstrat,
814 4885 875 4969 qui
905 4894 1106 4968 comparato
1136 4886 1202 4949 sibi
1233 4906 1298 4948 usu
1329 4885 1364 4949 in
1395 4884 1581 4949 scribendis
1625 4884 1780 4949 versibus

334 5011 582 5075 saepenumero
618 4992 745 5055 multos
781 4999 814 5055 et
848 4991 988 5075 quidem
1023 4993 1131 5056 bonos
1166 5012 1285 5055 versus
1320 4992 1504 5055 effundunt
1540 5012 1582 5055 ex
1614 4999 1778 5075 tempore,

338 5117 419 5161 cum
443 5105 559 5162 tamen
583 5098 718 5161 literam
742 5098 895 5162 scribant
919 5100 1059 5162 nullam.
1086 5098 1137 5161 Eo
1162 5106 1279 5161 autem
1304 5099 1430 5163 maiore
1454 5098 1631 5183 diligentia
1655 5098 1689 5161 in
1715 5097 1777 5162 hoc

452 5264 473 5330 ¹)
497 5263 570 5316 Cod.
592 5264 761 5318 vendicare.

450 5353 471 5421 ¹)
495 5353 568 5406 Cod.
591 5354 742 5407 vendicat.

453 5444 473 5509 ⁸)
496 5442 569 5495 Cod.
593 5443 737 5497 Poeanas.
