4617 6575
1237 735 1273 790 22

535 962 681 1025 obrutus
709 961 865 1046 negotiis
895 969 935 1024 ut
964 982 1034 1025 non
1063 962 1213 1025 multum
1243 961 1407 1045 temporis
1436 963 1480 1024 ab
1510 963 1562 1026 his
1591 961 1793 1025 subtrahere
1823 961 1975 1044 potuerit

535 1068 579 1131 ad
599 1067 798 1132 discendam
831 1068 1099 1151 Philosophiam:
1122 1068 1343 1132 nihilominus
1362 1069 1594 1152 cognitionem
1614 1088 1727 1132 rerum
1747 1069 1977 1132 maximarum

535 1181 587 1239 est
610 1183 826 1251 consecutus,
848 1195 956 1260 quam
979 1174 1027 1238 illi
1051 1175 1123 1238 otio
1147 1174 1366 1239 abundantes
1390 1195 1459 1240 uon
1484 1177 1674 1260 attigerunt
1699 1181 1734 1239 et
1758 1174 1803 1238 ab
1827 1174 1901 1238 aliis
1926 1196 1977 1238 re-

534 1280 652 1347 lictam
688 1302 752 1347 sua
775 1280 981 1367 negligentia
1017 1281 1166 1366 turpiter
1202 1281 1401 1347 amiserunt.
1443 1283 1499 1346 Ad
1536 1283 1626 1346 hanc
1666 1280 2007 1364 interpellationem

535 1388 674 1452 Crassus
697 1388 881 1472 respondet
904 1389 1000 1464 nihil,
1018 1388 1078 1452 sed
1097 1395 1237 1452 tantum
1260 1389 1437 1473 subiungit
1461 1389 1600 1453 dissidio
1623 1389 1680 1452 illo
1704 1389 1770 1452 oris
1793 1395 1827 1452 et
1851 1387 1977 1464 cordis,

535 1503 611 1559 tum
626 1495 841 1578 separatione
856 1495 912 1558 vel
925 1495 1042 1578 potius
1053 1494 1208 1580 quadam
1221 1495 1371 1560 sectione
1386 1497 1514 1560 artium
1527 1496 1673 1559 istarum
1701 1495 1978 1579 magnitudinem

532 1602 634 1665 valde
671 1602 892 1667 imminutam
927 1623 1011 1678 esse,
1045 1623 1194 1686 quarum
1231 1602 1411 1686 antiquam
1446 1602 1724 1667 coniunctionem
1761 1602 1977 1665 demonstrat

534 1716 610 1773 tum
629 1709 664 1772 iu
687 1709 824 1773 Graecis
844 1716 919 1773 tum
944 1710 979 1772 in
1006 1709 1148 1784 Latinis,
1169 1715 1204 1773 et
1225 1710 1417 1794 congeriem
1439 1709 1672 1793 exemplorum
1695 1708 1752 1772 vel
1776 1708 1892 1792 potius
1921 1709 1979 1772 In-

534 1815 733 1880 ductionem
747 1815 934 1880 concludit:
959 1815 1172 1899 Sapientiam
1185 1836 1265 1879 cum
1280 1815 1487 1901 Eloquentia
1500 1815 1688 1880 necessario
1703 1815 1980 1899 coniungendam

533 1943 614 1986 esse.
641 1923 737 2006 Quae
762 1923 934 1987 sententia
955 1923 1061 1987 etiam
1080 1923 1116 1986 in
1134 1922 1366 2006 superioribus
1392 1923 1606 1987 sermonibus
1632 1929 1784 1986 tractata
1810 1921 1887 1998 luit,
1914 1920 1976 1986 sed

534 2029 568 2092 in
591 2029 654 2093 hoc
679 2036 853 2113 postremo
876 2030 1015 2095 Crassus
1038 2050 1115 2093 eam
1138 2030 1278 2093 omnino
1301 2035 1352 2094 est
1376 2037 1584 2113 persecutus.

643 2136 788 2200 Videtur
804 2145 922 2200 autem
937 2137 1114 2220 proposita
1130 2156 1202 2200 esse
1219 2136 1274 2200 vel
1290 2137 1406 2220 potius
1423 2137 1549 2200 iterata
1565 2135 1672 2219 magis
1689 2135 1734 2199 ad
1750 2135 1979 2220 Eloquentiae

532 2243 681 2326 speciem
702 2264 810 2328 quam
833 2243 878 2306 ad
902 2242 1107 2319 doctrinam,
1133 2251 1173 2307 ut
1197 2243 1357 2308 omnibus
1381 2251 1504 2307 uotum
1528 2243 1572 2306 sit
1597 2243 1756 2307 Crassum
1781 2243 1836 2305 vel
1859 2242 1977 2325 potius

534 2351 577 2413 M.
605 2349 801 2414 Ciceronem
817 2357 894 2420 tum
918 2349 1235 2434 eloquentissimum
1256 2359 1333 2414 tum
1352 2350 1645 2434 elegantissimum
1665 2349 1768 2413 luisse
1792 2354 1976 2424 oratorem,

532 2456 702 2540 siquidem
723 2456 758 2520 in
779 2456 939 2520 laudibus
962 2456 1188 2541 Eloquentiae
1210 2464 1284 2520 tam
1305 2457 1441 2540 elegans
1462 2465 1536 2520 tam
1558 2465 1701 2520 omatus
1722 2476 1794 2520 esse
1814 2455 1974 2520 voluerit.

532 2563 628 2646 Quae
654 2563 770 2626 omnia
796 2563 997 2628 factasunt
1023 2570 1165 2647 propter
1190 2563 1352 2628 decorum
1378 2583 1612 2647 personarum,
1649 2563 1746 2628 cuius
1772 2562 1806 2625 in
1832 2561 1978 2646 dialogis

533 2670 683 2734 maxima
701 2676 752 2733 est
769 2669 930 2734 habenda
955 2670 1052 2734 rati0.
1072 2670 1297 2735 Existimavit
1315 2671 1419 2756 igitur
1435 2671 1576 2735 Crassus
1593 2671 1642 2734 ita
1659 2669 1723 2732 sibi
1741 2668 1977 2732 disserendum

533 2796 605 2839 esse
630 2776 672 2840 de
697 2775 808 2840 modis
833 2775 1078 2840 illuminandae
1103 2777 1278 2852 orationis
1304 2785 1344 2841 ut
1370 2777 1596 2862 Eloquentiae
1620 2776 1704 2851 vim,
1727 2795 1816 2860 quae
1841 2795 1977 2839 summa

533 2890 634 2958 esset,
655 2883 780 2947 illustri
804 2890 839 2947 et
858 2883 997 2967 copiosa
1017 2884 1172 2947 oratione
1193 2893 1340 2959 ornaret,
1364 2890 1475 2948 artem
1503 2903 1586 2947 vero
1606 2883 1726 2967 ipsam,
1745 2902 1835 2967 quae
1855 2901 1975 2965 parva,

533 2990 683 3074 vulgaris
709 2997 744 3053 et
770 2991 900 3054 usitata
938 2996 1026 3054 esset
1051 2989 1245 3076 idcircoque
1271 2990 1498 3054 admiratione
1523 2989 1579 3053 vel
1616 2989 1717 3053 laude
1754 3008 1880 3072 magna
1918 2988 1977 3051 vix

533 3096 647 3180 digna,
669 3096 789 3180 paucis
803 3104 837 3160 et
852 3097 1015 3161 brevibus
1034 3098 1227 3181 praeceptis
1247 3097 1502 3182 perstringeret,
1521 3096 1814 3181 quemadmodum
1834 3094 1977 3159 iamiam

533 3203 797 3267 animadvertes.
823 3204 901 3267 Non
924 3204 1016 3268 enim
1037 3205 1089 3268 ita
1111 3203 1153 3268 de
1176 3203 1229 3268 his
1251 3203 1397 3279 disserit,
1421 3211 1590 3289 tanquam
1614 3203 1774 3287 magister
1802 3201 1975 3287 quispiam

533 3331 574 3374 ex
597 3310 724 3386 schola,
738 3310 799 3375 sed
810 3312 908 3375 velut
920 3312 974 3375 vir
986 3311 1147 3396 politicus
1160 3318 1196 3375 et
1209 3312 1244 3376 in
1258 3312 1331 3376 loro
1345 3310 1404 3376 diu
1417 3318 1575 3375 versatus
1587 3331 1688 3376 usum
1701 3310 1785 3374 artis
1811 3308 1974 3373 ostendit.

534 3416 629 3481 Haec
654 3424 728 3482 tarn
752 3417 864 3502 longa,
889 3438 1012 3483 verum
1035 3418 1149 3482 minus
1174 3426 1296 3483 omata
1321 3426 1355 3483 et
1380 3418 1532 3483 iucunda
1556 3418 1717 3502 digressio
1742 3418 1786 3481 ab
1810 3416 1975 3480 instituta

534 3523 701 3599 doctrina,
728 3523 770 3588 de
795 3525 907 3589 modis
930 3524 1177 3589 illuminandae
1203 3525 1378 3601 orationis,
1405 3532 1591 3609 postquam
1616 3524 1683 3588 luit
1707 3522 1870 3607 perfecta,
1897 3531 1976 3586 tum

534 3630 713 3714 Sulpicius,
737 3632 903 3696 simulans
924 3652 960 3695 se
979 3632 1232 3715 philosophiam
1253 3639 1483 3707 contemnere,
1507 3630 1553 3695 ad
1576 3652 1616 3695 ea
1639 3629 1799 3694 Crassum
1820 3636 1974 3705 revocat,

530 3758 619 3821 quae
641 3738 686 3801 ad
707 3739 872 3803 orationis
894 3739 1000 3822 ipsius
1021 3746 1098 3803 tum
1117 3738 1256 3803 laudem
1277 3746 1355 3802 tum
1374 3737 1590 3822 splendorem
1610 3737 1795 3821 pertinent.
1820 3735 1886 3801 Sed
1909 3736 1975 3799 iste

533 3843 620 3909 hanc
644 3845 837 3909 doctrinam
859 3845 960 3909 valde
983 3852 1160 3920 extenuat,
1182 3845 1280 3929 quasi
1304 3844 1424 3909 tritam
1447 3851 1481 3909 et
1504 3843 1754 3929 pervulgatam.
1783 3843 1830 3907 Ut
1855 3850 1972 3906 tamen

532 3950 731 4015 auditorum
770 3952 937 4016 desiderio
964 3952 1166 4028 satisfaciat,
1194 3953 1274 4027 iarn,
1310 3950 1604 4036 quemadmodum
1642 3951 1746 4035 paulo
1782 3956 1863 4013 ante
1890 3947 1972 4024 dixi,

533 4078 602 4121 non
632 4065 706 4122 tam
737 4059 896 4143 explicat,
925 4080 1031 4144 quam
1062 4059 1193 4124 indicat
1223 4065 1258 4123 et
1289 4057 1636 4123 enumerat.Tertium
1666 4057 1808 4121 modum
1838 4053 1974 4119 dicendi

531 4184 635 4248 supra
659 4166 775 4249 posuit
798 4186 870 4230 esse
893 4167 1074 4233 Ornatum.
1096 4187 1200 4251 quern
1223 4165 1293 4229 iarn
1319 4165 1466 4249 spectari
1489 4164 1588 4228 docet
1613 4171 1689 4228 tum
1710 4163 1746 4228 in
1769 4163 1882 4227 verbis
1905 4162 1973 4226 sin-

532 4272 630 4355 gulis,
654 4293 745 4356 quae
764 4279 845 4336 sunt
865 4272 921 4336 vel
941 4273 1090 4357 propria,
1107 4272 1233 4357 quibus
1259 4272 1365 4336 etiam
1391 4272 1528 4335 subiicit
1555 4279 1695 4335 vetusta
1720 4270 1776 4334 vel
1802 4269 1972 4333 translata

532 4377 589 4441 vel
616 4385 758 4454 novata,
787 4385 865 4443 tum
891 4379 926 4442 in
953 4380 1155 4454 coniunctis,
1182 4400 1271 4463 quae
1298 4378 1559 4443 collocationem
1585 4378 1736 4462 primum
1764 4376 1972 4449 desiderant,

533 4483 656 4548 deinde
683 4485 826 4549 modum
853 4486 1031 4570 requirunt
1071 4494 1105 4550 et
1130 4486 1308 4571 quandam
1348 4486 1504 4561 sormam,
1533 4485 1579 4548 ad
1605 4492 1798 4549 extremum
1824 4482 1972 4547 colorem

533 4612 592 4655 seu
620 4592 780 4656 habitum
807 4592 977 4676 flagitant.
1010 4594 1050 4657 In
1077 4592 1224 4677 propriis
1250 4592 1438 4676 spectanda
1464 4599 1516 4656 est
1544 4586 1704 4677 εὐφωνία,
1729 4590 1764 4654 id
1791 4597 1842 4653 est
1867 4609 1971 4653 voca-

534 4697 624 4773 litas,
646 4720 717 4783 qua
741 4698 889 4763 maxime
914 4698 1116 4763 alliciuntur
1139 4700 1318 4763 hominum
1343 4720 1454 4775 aures;
1479 4698 1555 4761 ideo
1579 4704 1618 4761 ut
1642 4698 1728 4761 bene
1753 4696 1970 4771 diiudicetur,

532 4805 747 4869 consuetudo
781 4804 882 4869 debet
915 4805 1063 4871 admitti.
1098 4806 1238 4870 Novata
1273 4805 1418 4891 denique
1441 4806 1485 4869 ab
1508 4805 1582 4889 ipso
1605 4805 1749 4869 Oratore
1772 4803 1873 4877 liunt,
1897 4801 1971 4865 sive

533 4910 722 4995 gignuntur
736 4912 807 4976 sive
821 4920 1027 4996 generantur
1053 4913 1181 4997 partim
1203 4913 1442 4977 coniunctione
1465 4912 1594 4996 partim
1615 4911 1687 4975 sine
1709 4908 1968 4994 compositione.

535 5017 717 5082 Translata
736 5039 829 5094 vero,
851 5018 893 5082 de
911 5019 1037 5103 quibus
1056 5028 1198 5104 propter
1217 5040 1334 5083 eorum
1354 5040 1516 5103 magnam
1535 5019 1671 5102 copiam
1690 5016 1876 5102 posteriore
1897 5014 1969 5099 agit

535 5124 619 5199 loco,
642 5124 740 5189 initio
760 5125 894 5209 inopiae
914 5126 1025 5210 gratia
1044 5126 1181 5191 fuerant
1203 5127 1355 5190 inventa:
1378 5134 1456 5209 post
1476 5125 1583 5189 etiam
1602 5123 1838 5188 delectationis
1857 5120 1970 5207 gratia

534 5229 764 5315 frequentata.
798 5234 850 5295 Ea
880 5242 996 5297 tamen
1027 5243 1108 5298 sunt
1139 5242 1280 5298 tantum
1306 5231 1552 5305 transferenda,
1581 5252 1670 5316 quae
1701 5240 1761 5295 aut
1792 5230 1970 5293 clariorem

534 5344 596 5400 aut
622 5339 926 5422 significantiorem
950 5348 1011 5403 aut
1035 5340 1227 5404 breviorem
1252 5339 1407 5402 efficiunt
1430 5338 1630 5413 orationem,
1653 5359 1722 5422 quo
1747 5338 1880 5401 lactum
1904 5342 1967 5411 est,

533 5450 572 5508 ut
589 5444 745 5508 homines
763 5446 1046 5511 translationibus
1059 5467 1166 5530 quam
1182 5446 1327 5531 propriis
1344 5454 1378 5509 et
1395 5444 1522 5509 natiuis
1539 5446 1590 5508 uti
1608 5445 1739 5510 malint.
1768 5443 1968 5508 Cavendum

535 5550 643 5615 etiam
666 5560 717 5615 est
742 5552 931 5635 diligenter,
955 5574 997 5616 ne
1022 5554 1202 5618 translatio
1226 5554 1268 5617 sit
1293 5552 1348 5617 vel
1372 5552 1542 5616 dissimilis
1565 5553 1620 5616 vel
1643 5553 1741 5637 longe
1765 5551 1876 5635 petita
1911 5547 1968 5611 vel
