4617 6575
1246 726 1277 777 12

536 949 702 1032 quoniam
729 949 794 1012 sub
821 948 986 1012 facultate
1014 947 1239 1031 Eloquentiae
1267 967 1377 1031 neque
1404 947 1546 1010 scientia
1573 944 1712 1030 politica
1739 964 1848 1028 neque
1877 944 1983 1028 philo

540 1056 661 1139 sophia
679 1076 788 1140 neque
810 1055 861 1118 ius
887 1054 985 1118 civile
1009 1075 1118 1138 neque
1143 1054 1284 1117 historia
1308 1061 1341 1116 et
1366 1053 1584 1138 antiquitatis
1606 1051 1757 1136 cognitio
1773 1051 1980 1115 continetur.

542 1162 587 1225 Et
611 1169 744 1246 quanto
769 1161 897 1226 maiore
922 1161 1142 1225 contentione
1169 1161 1328 1224 Crassum
1354 1159 1543 1244 exagitavit
1570 1159 1751 1234 Antonius
1779 1165 1879 1222 tanto
1901 1178 1982 1222 curn

541 1269 668 1337 maiore
702 1269 885 1352 voluptate
920 1267 1128 1339 auditorum,
1165 1267 1320 1350 inprimis
1356 1267 1549 1342 Scaevolae,
1586 1268 1674 1330 hanc
1710 1265 1981 1348 disputationem

540 1374 785 1440 Academicam
806 1375 978 1459 peroravit
985 1395 992 1449 ;
1015 1381 1050 1438 et
1069 1395 1139 1458 quo
1160 1374 1296 1458 gravior
1318 1374 1383 1437 fuit
1406 1373 1494 1438 illius
1516 1373 1719 1457 exagitator,
1742 1392 1783 1436 eo
1804 1377 1982 1456 praestan-

541 1483 608 1546 tior
623 1483 718 1547 visus
734 1487 786 1546 est
803 1502 874 1545 esse
891 1482 1025 1546 Orator.
1045 1481 1139 1544 Haec
1157 1480 1321 1545 dissensio
1338 1486 1390 1544 est
1411 1501 1451 1543 eo
1468 1479 1654 1554 referenda,
1671 1478 1765 1563 quod
1783 1479 1820 1542 L.
1840 1478 1980 1542 Crassus

540 1589 645 1652 Marci
664 1588 832 1653 Ciceronis
850 1587 893 1651 de
911 1588 1062 1672 perfecto
1080 1594 1116 1651 et
1138 1607 1215 1650 vere
1234 1587 1414 1672 eloquente
1433 1587 1587 1662 Oratore,
1608 1587 1651 1650 M.
1673 1592 1790 1650 autem
1809 1585 1981 1650 Antonius

498 1731 502 1736 ⁴
536 1696 658 1780 Quinti
681 1696 795 1759 fratris
818 1694 860 1758 de
883 1694 1044 1759 mediocri
1067 1703 1101 1759 et
1125 1693 1252 1758 diserto
1276 1693 1482 1757 defendebat
1506 1693 1724 1757 sententiam.

649 1873 743 1936 Libri
766 1873 900 1937 secundi
924 1873 962 1936 de
982 1872 1115 1936 Oratore
1139 1873 1241 1935 brevis
1265 1871 1426 1956 Epitome.

651 2014 820 2079 Absoluta
852 2014 1087 2098 disputatione
1119 2014 1326 2078 Academica
1358 2015 1400 2077 de
1433 2013 1598 2077 iacultate
1630 2013 1784 2078 Oratoris
1817 2013 1980 2076 Scaevola

539 2143 583 2185 ex
601 2123 795 2186 Tusculano
812 2122 922 2186 Crassi
940 2121 1093 2185 discessit
1112 2121 1145 2185 in
1165 2121 1397 2185 Tusculanum
1415 2119 1519 2184 Laelii
1537 2119 1643 2183 soceri
1660 2120 1721 2184 sui.
1742 2120 1808 2184 Sed
1826 2120 1861 2183 in
1878 2119 1979 2183 huius

512 2296 516 2301 ,
540 2229 607 2292 diei
617 2229 816 2312 crepusculo
836 2229 949 2312 ipsum
968 2234 1176 2292 convenerat
1197 2227 1323 2291 ibidem
1345 2227 1457 2310 Julius
1476 2227 1600 2291 Caesar
1619 2247 1698 2290 cum
1718 2226 1823 2290 tratre
1843 2226 1977 2298 Catulo;

538 2342 574 2399 et
601 2356 774 2399 summam
800 2335 1044 2418 disputationis
1072 2342 1148 2398 tum
1176 2335 1381 2418 praeteritae
1409 2341 1485 2397 tum
1512 2334 1649 2397 luturae
1675 2334 1848 2417 cognovit.
1881 2334 1979 2397 Mane

540 2443 645 2527 igitur
668 2425 812 2527 uterque
837 2443 872 2505 in
898 2442 1131 2505 Tusculanum
1157 2441 1266 2504 Crassi
1292 2442 1387 2504 venit
1415 2441 1555 2504 Antonii
1581 2437 1743 2504 audiendi
1768 2441 1891 2524 gratia:
1944 2447 1977 2503 et

544 2548 650 2612 Iulius
681 2557 759 2633 post
792 2555 952 2613 mutuam
982 2548 1226 2612 salutationem
1258 2547 1529 2630 disputationem
1566 2548 1761 2610 hesternam
1791 2567 1907 2610 coram
1940 2546 1976 2610 L.

444 2706 447 2712 .
538 2655 660 2719 Crasso
699 2655 888 2738 splendidis
914 2655 1172 2740 magnificisque
1199 2654 1312 2718 verbis
1337 2653 1568 2729 commendat,
1614 2653 1667 2717 hic
1695 2661 1813 2718 autem
1841 2661 1979 2737 propter

539 2761 754 2827 retinendam
784 2762 994 2846 gravitatem
1023 2761 1169 2826 eandem
1198 2761 1442 2825 contemnebat
1473 2761 1695 2824 vehementer
1724 2760 1855 2845 sibique
1886 2760 1978 2824 vide-

473 2876 477 2884 '
538 2869 642 2933 batur
659 2869 768 2944 irasci,
787 2875 968 2954 propterea
983 2867 1077 2953 quod
1094 2889 1272 2953 nunquam
1289 2868 1398 2952 magis
1415 2867 1517 2931 tuerit
1536 2867 1685 2950 ineptus,
1708 2867 1847 2951 quando
1865 2887 1979 2931 senem

538 2996 574 3039 se
599 2996 670 3039 esse
693 2997 763 3040 non
787 2976 991 3051 meminerit,
1017 2995 1146 3039 morem
1170 2995 1284 3060 gerere
1308 2974 1426 3039 volens
1450 2974 1732 3038 adolescentibus.
1766 2975 1840 3038 Hac
1866 2973 1908 3037 de
1932 2994 1977 3050 re,

538 3082 630 3146 ultro
651 3082 805 3167 citroque
826 3082 1051 3147 commutatis
1072 3082 1196 3153 verbis,
1221 3081 1373 3145 Antonio
1396 3079 1440 3144 ad
1463 3079 1711 3164 disputandum
1734 3081 1827 3144 viam
1850 3086 1978 3144 sterne·

539 3188 637 3264 bant,
669 3209 712 3252 ne
744 3189 969 3253 familiaribus
1001 3189 1213 3253 sermonibus
1246 3195 1383 3271 tempus
1415 3188 1633 3262 tribueretur,
1664 3186 1757 3271 quod
1789 3187 1895 3251 seriae
1913 3188 1979 3250 dis·

539 3296 713 3379 putationi
737 3296 780 3359 de
804 3296 995 3380 praeceptis
1020 3296 1246 3380 Eloquentiae
1271 3296 1382 3359 iuerat
1405 3295 1645 3369 constitutum,
1680 3295 1881 3378 praesertim
1899 3316 1979 3359 curn

538 3402 643 3467 Cotta
663 3410 698 3467 et
721 3403 890 3487 Sulpicius
910 3423 1045 3466 summo
1066 3402 1233 3465 desiderio
1253 3402 1343 3466 illius
1364 3401 1554 3466 audiendae
1575 3408 1782 3465 tenerentur.
1806 3402 1978 3465 Antonius

538 3509 652 3594 igitur,
676 3516 844 3594 tanquam
866 3531 934 3574 non
957 3510 1136 3574 immemor
1167 3509 1333 3593 promissi,
1370 3508 1505 3573 dicendi
1527 3508 1664 3572 initium
1687 3508 1810 3592 accipit
1834 3528 1978 3593 aquae-

538 3616 649 3681 stione
662 3617 697 3679 in
711 3616 918 3681 Graecorum
931 3617 1054 3680 scholis
1075 3624 1179 3700 atque
1190 3616 1284 3680 libris
1304 3615 1363 3679 diu
1385 3615 1601 3699 multumque
1622 3615 1765 3699 agitata:
1789 3615 1843 3678 An
1864 3614 1978 3699 aliqua

538 3723 582 3786 sit
598 3724 701 3786 arsin
715 3722 870 3799 dicend0,
888 3744 995 3807 quam
1009 3722 1179 3806 deinceps,
1196 3730 1235 3786 ut
1249 3742 1352 3805 supra
1366 3722 1471 3786 etiam
1486 3722 1623 3797 lecerat,
1639 3728 1743 3785 acuta
1756 3720 1978 3785 distinctione

538 3828 685 3894 duarum
699 3829 968 3914 descriptionum
984 3830 1068 3893 artis
1085 3828 1221 3893 decidit.
1242 3829 1287 3892 Et
1302 3827 1596 3914 quemadmodum
1613 3828 1752 3892 Crassus
1769 3828 1977 3911 superiorem

537 3956 730 4000 sermonem
754 3957 892 4001 exorsus
917 3936 982 4000 luit
1008 3957 1028 3999 a
1054 3936 1244 4020 magnificis
1270 3936 1495 4020 Eloquentiae
1519 3934 1689 4010 laudibus,
1719 3935 1768 3998 ita
1793 3935 1975 4010 Antonius

538 4042 709 4125 explicata
744 4044 915 4126 superiore
947 4044 1158 4127 quaestione,
1195 4042 1239 4105 ad
1275 4042 1419 4106 eandem
1453 4040 1642 4125 digreditur
1677 4042 1869 4105 materiam:
1907 4041 1976 4105 tere

538 4169 639 4212 omne
657 4170 720 4214 usu
739 4150 824 4215 solet
844 4170 915 4213 esse
932 4158 1182 4232 comparatum,
1203 4157 1254 4224 ut,
1270 4169 1376 4233 quam
1391 4149 1468 4233 quis
1487 4155 1597 4212 artem
1611 4147 1765 4231 profiteri
1782 4148 1974 4223 constituit,

538 4256 583 4318 ab
612 4255 764 4320 eiusdem
791 4255 1090 4320 commendatione
1133 4255 1278 4319 docendi
1321 4255 1458 4319 initium
1488 4254 1602 4319 iaciat.
1635 4254 1701 4319 Sed
1731 4254 1882 4319 Antonio
1911 4256 1974 4319 hoc

540 4362 604 4425 luit
622 4362 818 4426 faciendum
834 4369 973 4446 propter
989 4383 1097 4426 novos
1113 4362 1286 4427 auditores
1307 4362 1433 4425 Iulium
1448 4362 1626 4425 Caesarem
1642 4362 1814 4447 ipsiusque
1835 4361 1977 4425 fratrem

538 4469 711 4545 Catulum,
733 4470 768 4533 in
786 4491 856 4555 qua
877 4470 949 4533 sive
970 4469 1071 4533 laude
1092 4469 1164 4533 sive
1184 4468 1482 4533 commendatione
1517 4468 1742 4552 Eloquentiae
1776 4468 1877 4552 plane
1896 4488 1976 4532 cum

537 4575 658 4639 Crasso
676 4575 767 4640 idem
785 4576 889 4640 sentit
896 4598 903 4653 ;
924 4576 995 4639 heri
1014 4582 1131 4639 tamen
1149 4583 1269 4639 contra
1289 4576 1378 4639 hunc
1403 4575 1595 4658 disputasse
1615 4581 1754 4639 tantum
1773 4574 1976 4639 Academice

537 4687 655 4766 aperte
680 4683 877 4759 confitetur,
913 4704 1003 4746 nunc
1042 4690 1160 4746 autem
1200 4682 1263 4745 sibi
1300 4682 1403 4746 luisse
1424 4681 1612 4745 videndum
1650 4702 1717 4745 non
1758 4688 1842 4756 tam,
1882 4681 1976 4766 quod

538 4796 666 4874 pugnet
688 4796 810 4853 contra
830 4789 954 4872 ipsum,
973 4810 1090 4874 quam,
1113 4797 1152 4853 ut
1175 4789 1260 4852 serio
1282 4788 1386 4864 dicat,
1406 4787 1490 4873 quid
1512 4789 1575 4853 hac
1598 4788 1639 4851 de
1678 4808 1713 4851 re
1735 4788 1806 4871 ipse
1837 4788 1974 4852 sentiat.

538 4889 584 4960 E't
607 4897 772 4981 quoniam
797 4904 982 4980 praecepta
1006 4896 1090 4959 artis
1115 4896 1150 4959 in
1176 4895 1313 4979 proprio
1338 4895 1493 4958 subiecto
1517 4894 1791 4959 commodissime
1817 4894 1977 4978 explicari

537 5003 658 5078 solent,
685 5003 761 5068 ideo
785 5004 880 5087 prius
904 5004 939 5066 in
963 5023 1084 5087 genere
1105 5002 1278 5087 quaedam
1301 5001 1344 5065 de
1367 5002 1512 5066 materia
1536 5002 1691 5067 Oratoris
1715 5001 1848 5065 disserit
1871 5022 1977 5085 quam

537 5107 583 5172 ad
607 5109 871 5193 explicationem
894 5117 1157 5193 praeceptorum
1182 5109 1265 5173 artis
1289 5108 1423 5172 dicendi
1449 5107 1590 5172 accedit.
1617 5108 1771 5173 Oratoris
1795 5108 1977 5173 materiam

538 5216 573 5279 in
598 5216 658 5280 lite
682 5225 785 5301 atque
810 5216 1062 5280 consultatione
1086 5216 1303 5298 potissimum
1328 5215 1455 5279 versari
1481 5214 1593 5278 docet:
1627 5222 1660 5278 et
1686 5236 1706 5278 a
1732 5215 1902 5299 magistris
1927 5216 1977 5278 di·

536 5322 637 5387 cendi
674 5322 809 5388 duobus
844 5323 1024 5408 generibus
1059 5323 1371 5386 controversiarum
1411 5321 1565 5386 iudiciali
1603 5328 1705 5405 atque
1743 5322 1976 5385 Deliberativo

537 5430 709 5513 explicari,
725 5451 814 5515 quae
831 5431 936 5494 etiam
953 5430 1106 5514 agnoscit
1121 5430 1203 5513 ipse,
1219 5430 1360 5493 tertium
1378 5435 1505 5504 autem,
1522 5427 1616 5512 quod
1633 5434 1790 5491 versatur
1807 5428 1841 5491 in
1857 5427 1977 5491 lauda-

538 5536 701 5611 tionibus,
732 5536 850 5612 reiicit,
881 5537 940 5599 sed
969 5545 1108 5601 tantum
1137 5538 1182 5599 ab
1211 5536 1428 5600 institutione
1458 5535 1652 5610 Rhetorica,
1682 5542 1908 5619 posteaquam
1936 5556 1977 5598 ex
