4617 6575
1061 747 1077 799 7

350 962 496 1046 privatis
515 963 557 1026 de
575 971 649 1027 arte
667 962 803 1026 dicendi
820 962 994 1029 interdum
1012 985 1034 1027 a
1052 965 1096 1028 M.
1116 964 1223 1028 fratre
1242 963 1478 1039 dissentiebat,
1498 971 1680 1048 propterea
1694 964 1788 1048 quod

348 1070 404 1134 hic
444 1068 676 1154 eloquentiam
717 1069 896 1135 hominum
920 1070 1228 1134 eruditissimorum
1251 1069 1384 1134 artibus
1410 1078 1444 1135 et
1481 1070 1669 1154 disciplinis
1708 1091 1788 1135 con·

351 1176 452 1240 tineri
474 1177 664 1252 statuebat,
689 1176 744 1241 ille
769 1185 886 1242 autem
910 1178 954 1240 ab
978 1176 1148 1262 elegantia
1172 1176 1347 1242 doctrinae
1371 1177 1616 1262 segregandam
1639 1178 1788 1261 putabat

349 1291 383 1348 et
413 1283 449 1346 in
476 1283 629 1368 quodam
658 1283 784 1368 ingenii
814 1291 918 1369 atque
947 1283 1201 1348 exercitationis
1224 1303 1344 1368 genere
1374 1283 1581 1367 ponendam:
1614 1284 1690 1348 ideo
1720 1304 1790 1350 non

351 1390 450 1454 aliter
472 1411 578 1475 quarn
603 1389 817 1455 sermonibus
850 1391 907 1454 vel
933 1389 1074 1475 dialogis
1101 1390 1212 1454 tribus
1237 1390 1443 1455 Academico
1469 1412 1562 1455 more
1586 1389 1789 1475 conscriptis

351 1497 408 1560 illa
420 1497 567 1562 materia
596 1497 776 1561 commode
788 1497 993 1580 pertractari
1006 1504 1042 1561 et
1057 1496 1219 1581 explicari
1233 1517 1331 1580 posse
1355 1497 1549 1562 videbatur.
1569 1497 1684 1562 Genus
1698 1497 1789 1561 enim

350 1603 514 1668 orationis
524 1610 559 1668 et
569 1623 776 1678 sermonum,
788 1610 828 1667 ut
842 1611 895 1668 est
909 1605 1079 1689 scripturn
1093 1602 1128 1666 in
1138 1603 1305 1686 principio
1318 1603 1461 1686 Laelii1),
1473 1603 1625 1687 positum
1635 1603 1671 1667 in
1681 1605 1789 1668 homi·

349 1731 435 1775 num
446 1719 606 1775 veterum
623 1709 836 1774 authoritate
855 1710 932 1794 plus
948 1710 1062 1774 nescio
1082 1710 1256 1794 quomodo
1283 1708 1422 1774 videtur
1445 1711 1570 1775 habere
1594 1709 1789 1796 gravitatis.

351 1817 398 1881 Et
416 1817 557 1902 quidem
578 1818 682 1881 datur
702 1837 743 1880 ex
766 1816 908 1902 dialogis
928 1817 1040 1892 venia,
1063 1825 1103 1880 ut
1124 1817 1175 1880 ita
1195 1817 1302 1880 locuti
1324 1837 1394 1881 esse
1415 1816 1601 1881 videantur
1620 1817 1786 1882 homines

351 1924 441 1988 Fieri
466 1931 584 1990 tamen
611 1931 738 2007 potest,
763 1923 858 2008 quod
884 1925 967 1987 haec
1005 1923 1196 2007 disputatio
1236 1943 1353 1987 revera
1364 1925 1388 2007 2)
1434 1924 1499 1987 fuit
1542 1924 1663 1989 habita
1701 1924 1791 1987 inter

351 2031 388 2094 L.
417 2031 577 2095 Crassum
603 2037 638 2094 et
665 2031 709 2095 M.
738 2030 940 2106 Antonium,
967 2037 1003 2094 et
1028 2039 1271 2114 argumentum
1298 2030 1369 2093 eius
1395 2031 1592 2095 Ciceronem
1618 2031 1787 2114 accepisse

350 2157 371 2200 a
388 2138 492 2203 Cotta
509 2144 544 2201 et
563 2137 712 2220 Sulpicio
730 2136 955 2200 auditoribus.
976 2137 1080 2201 Porro
1095 2143 1164 2200 tres
1182 2137 1239 2200 isti
1256 2157 1427 2201 sermones
1445 2137 1550 2201 biduo
1568 2144 1649 2201 sunt
1668 2137 1788 2212 habiti,

347 2265 495 2328 quorum
519 2244 651 2327 primus
676 2250 754 2327 post
779 2242 956 2322 meridiem
981 2252 1033 2307 est
1058 2243 1209 2318 habitus,
1236 2264 1361 2328 magna
1386 2265 1427 2308 ex
1453 2252 1551 2328 parte
1575 2244 1790 2308 consumitur

351 2351 386 2414 in
413 2351 614 2415 delinitione
641 2350 806 2425 Oratoris‚
834 2351 894 2412 ubi
921 2350 959 2414 L.
988 2350 1129 2414 Crassus
1157 2350 1262 2413 Marci
1298 2357 1332 2414 et
1373 2351 1417 2414 M.
1459 2350 1631 2416 Antonius
1670 2349 1790 2435 Quinti

349 2457 558 2522 sententiam
581 2456 745 2522 defendit.

458 2565 497 2649 Q.
518 2563 650 2629 Mucius
667 2563 832 2628 Scaevola
848 2563 960 2629 Crassi
976 2583 1071 2626 socer
1088 2570 1140 2627 est
1157 2564 1322 2627 sermonis
1339 2584 1419 2628 cum
1437 2565 1563 2628 author
1580 2573 1656 2628 turn
1674 2563 1790 2628 mode-

348 2679 453 2735 rator.
479 2671 648 2755 Sulpicius
670 2677 705 2735 et
727 2669 832 2735 Cotta
853 2668 1085 2734 adolescentes
1108 2669 1350 2734 attribuuntur
1371 2670 1544 2734 auditores
1567 2678 1670 2755 atque
1692 2669 1792 2734 disci-
1851 2729 1857 2746 ,

349 2777 422 2861 puli
447 2778 558 2842 tribus
582 2777 647 2840 illis
672 2777 976 2860 praestantissimis
1001 2778 1035 2840 in
1060 2784 1134 2840 arte
1153 2776 1288 2840 dicendi
1313 2777 1495 2862 magistris,
1524 2778 1585 2862 qui
1609 2777 1790 2841 materiam

349 2884 594 2968 disputationis
625 2883 794 2967 accepisse
824 2882 989 2947 videntur
1019 2904 1062 2946 ex
1092 2883 1277 2958 Carneade,
1310 2884 1534 2959 Clitomacho,
1568 2881 1724 2948 Phaedro
1756 2891 1790 2946 et

351 2990 477 3076 Gorgia
504 2991 713 3056 Graecorum
737 2989 943 3053 Rhetoricae
967 2990 1149 3074 magistris.
1178 2991 1251 3054 Hoc
1276 2989 1512 3073 pomeridiano
1536 3011 1692 3055 sermone
1716 3010 1791 3074 per-

348 3098 440 3163 lecto
463 3098 504 3182 Q.
532 3098 665 3162 Mucius
690 3098 725 3160 in
750 3096 984 3161 Tusculanum
1009 3096 1055 3160 ad
1080 3096 1235 3160 Laelium
1261 3097 1418 3161 discedit:
1446 3098 1543 3161 cuius
1570 3098 1617 3160 rei
1643 3098 1716 3180 ipse
1743 3099 1788 3160 M.

348 3204 464 3269 Cicero
506 3225 648 3268 causam
688 3202 801 3267 reddit
842 3202 877 3266 in
918 3203 1155 3287 Epistularum
1197 3204 1243 3266 ad
1283 3205 1320 3268 T.
1365 3203 1594 3289 Pomponium
1635 3204 1791 3268 Atticum

348 3310 451 3376 Libro
475 3311 608 3396 Ilua),
630 3314 693 3376 hac
716 3311 791 3395 ipsa
811 3318 928 3375 tamen
949 3332 1093 3395 vespera
1114 3312 1314 3376 Scaevolam
1332 3312 1495 3376 convenit
1521 3311 1628 3376 Iulius
1653 3312 1788 3387 Caesar,

347 3427 382 3482 et
408 3439 450 3483 ex
474 3440 515 3483 eo
538 3438 711 3484 summam
736 3418 844 3482 totius
869 3417 1113 3502 disputationis
1138 3418 1278 3482 habitae
1302 3419 1477 3503 cognovit,
1503 3420 1620 3503 itaque
1647 3418 1790 3482 fratrem

348 3526 510 3591 Catulum
524 3526 690 3601 exoravit,
706 3532 746 3589 ut
759 3524 923 3609 postridie
937 3545 1037 3589 mane
1050 3545 1166 3588 secum
1181 3525 1287 3588 exiret
1302 3525 1336 3588 in
1351 3526 1610 3609 Tusculanum⁴)
1627 3525 1664 3589 L.
1681 3524 1791 3589 Crassi

348 3632 511 3696 audiendi
535 3632 675 3696 alterius
699 3631 864 3696 sermonis
887 3632 1008 3715 gratia,
1036 3631 1162 3716 inquo
1188 3634 1231 3695 M.
1258 3632 1430 3695 Antonius
1454 3640 1638 3716 praecepta
1666 3632 1791 3695 Inven-

348 3739 461 3815 tionis,
483 3739 723 3803 Collocationis
744 3746 778 3801 et
801 3738 983 3802 Memoriae
1003 3738 1101 3822 longe
1121 3738 1238 3821 aptius
1266 3738 1311 3801 ad
1341 3759 1441 3803 usum
1470 3739 1639 3804 forensem
1660 3759 1791 3803 accom-

347 3845 478 3922 modat,
497 3866 603 3929 quam
623 3845 760 3908 fuerant
781 3865 934 3929 unquam
955 3865 975 3908 a
998 3844 1135 3909 Graecis
1156 3844 1291 3908 dicendi
1311 3844 1483 3930 magistris
1502 3845 1687 3929 expositae.
1711 3844 1791 3907 Fuit

347 3952 438 4017 enim
461 3952 515 4016 hic
540 3952 711 4017 Antonius
743 3952 846 4016 homo
868 3951 1003 4015 subtilis
1027 3958 1061 4014 et
1085 3959 1208 4015 acutus
1231 3952 1265 4015 in
1289 3950 1502 4017 inveniendis
1525 3958 1560 4015 et
1583 3952 1733 4035 prudens
1756 3952 1791 4015 in

346 4059 554 4126 collocandis
571 4059 795 4144 argumentis;
826 4058 990 4123 memoria
1007 4065 1123 4121 autem
1145 4058 1212 4123 luit
1229 4065 1340 4133 tanta,
1371 4066 1410 4122 ut
1439 4058 1631 4142 imparatus
1659 4078 1794 4142 semper

347 4166 393 4229 ad
414 4166 598 4231 dicendum
619 4166 777 4229 accedere
798 4171 990 4248 putaretur,
1009 4185 1090 4228 curn
1108 4171 1224 4228 tamen
1245 4164 1482 4248 paratissimus
1506 4165 1622 4229 venire
1647 4165 1790 4229 solebat.

348 4272 416 4337 Se'd
433 4273 517 4358 quia
537 4273 583 4336 ad
604 4273 695 4337 iocos
716 4280 750 4335 et
773 4272 869 4346 sales
890 4271 950 4355 qui
971 4271 1006 4335 in
1027 4269 1250 4335 conciliandis
1271 4271 1469 4336 auditorum
1497 4272 1620 4336 animis
1641 4272 1792 4336 multum

346 4387 502 4463 possunt,
527 4379 702 4465 ingenium
720 4379 860 4443 nonita
886 4379 1038 4442 habebat
1059 4379 1370 4455 accommodatum,
1400 4378 1476 4442 ideo
1503 4379 1591 4442 hanc
1620 4378 1726 4443 reiicit
1756 4379 1791 4441 in

350 4486 477 4551 Iulium
513 4487 692 4552 Caesarem
715 4486 889 4550 hominem
910 4506 972 4548 suo
995 4491 1149 4568 tempore
1172 4486 1222 4548 ita
1245 4485 1407 4561 facetum,
1444 4492 1483 4549 ut
1513 4485 1570 4549 illo
1592 4507 1694 4550 nemo
1729 4506 1791 4548 un-

344 4612 451 4677 quam
483 4592 693 4667 urbanitate,
727 4613 829 4657 nemo
861 4592 985 4675 lepore,
1020 4612 1121 4657 nemo
1154 4592 1328 4655 suavitate
1360 4592 1533 4656 conditior
1565 4592 1788 4656 inveniretur.

457 4700 520 4763 Est
542 4707 661 4764 autem
682 4699 854 4763 Antonius
875 4699 911 4763 in
932 4700 996 4763 hoc
1018 4699 1105 4763 libro
1127 4698 1284 4763 imitatus
1307 4706 1376 4761 tres
1397 4699 1502 4762 libros
1525 4698 1790 4763 Rhetoricorum

346 4806 550 4881 Aristotelis,
577 4806 768 4890 exquibus
793 4806 905 4871 multa
929 4806 1086 4878 verbum,
1110 4804 1205 4888 quod
1231 4805 1340 4879 aiunt,
1368 4805 1410 4868 de
1429 4806 1536 4869 verbo
1561 4805 1789 4888 transcripsit,

463 4954 484 5023 ¹)
508 4956 656 5027 Scripturi
673 4954 823 5025 supplevi.
844 4954 890 5009 Cf.
910 4954 971 5009 Cie.
993 4956 1073 5009 Lael.
1097 4954 1121 5016 Ι,
1140 4971 1169 5021 4.

459 5044 481 5111 ²)
505 5043 644 5106 ,Revera‘
664 5042 778 5112 scripsi,
800 5042 849 5103 ,N‘
870 5043 990 5110 signum
1009 5042 1041 5094 in
1061 5041 1173 5094 codice.

460 5133 481 5201 ¹)
504 5132 565 5185 Cic.
596 5133 694 5203 Epist.
724 5133 764 5185 ad
784 5133 878 5185 Attic.
910 5132 971 5192 lv,
997 5132 1039 5192 16,
1062 5146 1090 5199 3:
1112 5131 1209 5183 Credo
1231 5131 1389 5183 Platonem
1410 5132 1462 5183 vix
1482 5136 1605 5201 putasse
1625 5129 1700 5183 satis
1720 5145 1790 5183 con-

344 5238 454 5277 sonum
477 5220 551 5283 fore,
574 5220 601 5273 si
617 5221 771 5273 hominem
788 5221 820 5273 id
837 5221 948 5273 aetatis
965 5220 997 5273 in
1016 5226 1079 5273 tarn
1096 5221 1188 5289 longo
1205 5236 1340 5273 sermone
1358 5220 1475 5273 diutius
1491 5220 1673 5273 retinuisset.
1692 5220 1792 5272 Multo

345 5326 401 5380 ego
414 5310 511 5379 magis
522 5310 581 5363 hoc
595 5310 670 5363 mihi
683 5311 854 5363 cavendum
867 5309 977 5379 putavi
989 5310 1021 5361 in
1035 5309 1190 5372 Scaevola,
1202 5310 1255 5379 qui
1268 5316 1300 5363 et
1313 5316 1415 5363 aetate
1429 5316 1461 5362 et
1470 5309 1645 5363 valetudine
1660 5314 1727 5363 erat
1746 5324 1791 5371 ea,

346 5416 409 5470 qua
428 5415 492 5453 esse
514 5398 687 5461 meministi,
709 5406 742 5453 et
766 5403 804 5456 iis
830 5399 1006 5460 honoribus,
1030 5406 1065 5452 ut
1087 5398 1139 5451 vix
1161 5399 1235 5451 satis
1257 5400 1399 5451 decorum
1422 5398 1576 5451 videretur
1597 5414 1667 5450 eum
1689 5398 1790 5467 plures

347 5488 410 5541 dies
430 5503 493 5542 esse
512 5488 545 5541 in
564 5487 664 5541 Crassi
683 5488 863 5542 Tusculano.

461 5578 482 5645 ι)
505 5577 578 5630 Cod.
599 5577 836 5631 Thusculanum.
