4617 6575
1231 697 1268 750 20

528 921 618 985 ocris
639 928 757 984 autem
779 927 813 983 et
835 939 875 982 ea
896 919 1086 984 instructus
1108 920 1214 983 etiam
1235 941 1388 985 summos
1409 919 1507 984 facile
1528 920 1716 1005 superabit,
1736 920 1832 1006 quod
1853 929 1970 986 tamen

529 1027 629 1091 aliter
642 1046 710 1090 non
723 1034 960 1110 consequetur,
982 1027 1046 1089 nisi
1067 1047 1185 1090 omnes
1205 1027 1311 1090 animi
1332 1035 1447 1092 motus
1477 1035 1553 1090 tum
1573 1048 1635 1091 sua
1654 1048 1751 1102 voce,
1774 1035 1851 1092 tum
1870 1036 1970 1114 gestu

529 1133 667 1217 proprio
684 1133 895 1217 expresserit.
916 1133 1036 1197 Omnis
1052 1133 1143 1196 enim
1162 1133 1267 1197 animi
1285 1141 1399 1198 motus
1416 1155 1518 1198 suum
1532 1133 1707 1218 quendam
1737 1135 1841 1198 habet
1868 1135 1933 1199 sibi
1950 1157 1971 1198 a

529 1248 660 1309 natura,
671 1239 881 1303 attributum
897 1248 931 1303 et
948 1260 1071 1303 sonum
1094 1247 1128 1303 θῖ
1151 1240 1289 1304 vultum
1310 1248 1344 1305 et
1367 1249 1514 1326 gestum:
1540 1247 1655 1305 totum
1678 1240 1824 1326 denique
1846 1262 1971 1326 corpus

529 1346 676 1411 hominis
696 1346 746 1410 ita
763 1354 814 1410 est
834 1345 1011 1422 affectum,
1033 1347 1144 1410 omnis
1170 1347 1289 1412 vultus
1317 1347 1368 1413 ita
1394 1353 1446 1411 est
1467 1355 1699 1431 comparatus,
1721 1368 1840 1412 omnes
1868 1369 1970 1413 voces

529 1453 580 1517 ita
600 1461 736 1529 sonant,
749 1453 1043 1537 quemadmodum
1055 1474 1076 1517 a
1090 1460 1188 1519 motu
1209 1453 1314 1518 animi
1335 1474 1404 1518 non
1425 1454 1524 1517 aliter
1541 1475 1648 1540 quam
1668 1455 1765 1522 nervi
1787 1455 1821 1518 in
1842 1455 1971 1520 fidibus

528 1559 711 1644 pulsantur
729 1569 763 1624 et
787 1560 991 1624 excitantur.
1022 1560 1088 1624 Sed
1106 1582 1177 1646 quo
1205 1560 1336 1624 facilius
1363 1561 1446 1624 haec
1475 1561 1590 1624 omnia
1616 1560 1797 1646 intelligas
1826 1569 1903 1627 tum
1930 1571 1969 1627 ut

527 1666 723 1731 accuratius
736 1675 920 1750 praecepta
934 1667 976 1730 de
993 1667 1046 1730 his
1059 1687 1254 1750 cognoscas
1270 1687 1360 1752 quae
1378 1667 1441 1731 tibi
1460 1667 1566 1732 tradit
1586 1668 1623 1732 L.
1643 1668 1794 1744 Crassus,
1814 1669 1970 1733 ordinem

526 1773 581 1837 sui
605 1774 770 1837 sermonis
794 1773 865 1837 sive
890 1773 1134 1857 disputationis
1162 1773 1342 1858 diligenter
1364 1774 1557 1839 consideres
1577 1783 1723 1858 oportet.
1752 1776 1826 1839 Hoc
1852 1785 1970 1840 autern

526 1878 670 1944 difficile
690 1880 847 1945 futurum
859 1889 1004 1955 nonest,
1024 1881 1053 1943 si
1065 1880 1192 1946 librum
1212 1881 1301 1944 hunc
1323 1881 1357 1944 in
1378 1889 1446 1945 tres
1467 1881 1541 1945 illas
1560 1881 1765 1964 principales
1785 1883 1970 1947 distribues

528 1995 656 2070 partes:
684 1986 719 2050 in
744 1987 960 2071 principium,
987 1988 1022 2051 in
1047 2008 1263 2072 progressum
1288 1996 1322 2052 et
1348 1987 1492 2052 exitum:
1518 2008 1605 2072 quas
1629 2008 1698 2052 non
1724 1987 1827 2052 modo
1852 1988 1970 2053 vidisti

528 2093 562 2156 in
588 2093 874 2178 praecedentibus
900 2093 1005 2168 libris,
1031 2115 1154 2159 verum
1180 2094 1284 2158 etiam
1312 2093 1345 2157 in
1373 2094 1532 2159 omnibus
1555 2093 1766 2180 quotidianis
1793 2095 1971 2181 colloquiis

526 2200 641 2265 locum
668 2201 794 2265 habere
835 2200 1092 2265 animadvertis.
1124 2200 1333 2285 Principium
1362 2201 1488 2287 itaque,
1516 2200 1690 2286 quomodo
1718 2200 1793 2265 fieri
1819 2202 1905 2266 solet
1935 2203 1969 2266 in

526 2306 680 2391 dialogis,
695 2307 730 2370 in
746 2309 1008 2392 praeparatione
1036 2309 1188 2393 quadam
1210 2308 1434 2384 consumitur,
1456 2308 1538 2392 quia
1562 2307 1599 2372 L.
1624 2307 1765 2376 Crassus
1786 2309 1820 2372 in
1844 2330 1969 2396 magno

525 2412 661 2479 silentio
686 2396 834 2478 duarum
857 2415 1018 2479 horarum
1043 2423 1196 2499 tempore
1220 2414 1408 2479 meridiano
1431 2422 1701 2488 commentatur:
1735 2436 1845 2500 neque
1878 2416 1970 2479 enim

525 2520 600 2584 viro
636 2521 805 2585 consulari
841 2521 1067 2607 Romanoque
1102 2521 1170 2585 civi
1206 2521 1249 2586 de
1285 2521 1492 2607 Eloquentia
1527 2521 1706 2586 disserenti
1741 2523 1968 2587 conveniebat

524 2627 641 2691 subita
671 2627 790 2700 dicti0;
821 2636 856 2692 et
886 2629 1026 2693 tandem
1056 2629 1166 2692 fracto
1194 2628 1306 2693 calore
1336 2629 1567 2713 inclinatoque
1598 2629 1631 2691 in
1662 2629 1969 2712 postmeridianum

526 2733 581 2798 die
606 2734 780 2799 auditores
805 2735 918 2818 ipsum
942 2735 1099 2819 promissi
1132 2755 1195 2799 sua
1220 2742 1359 2800 tantum
1383 2735 1577 2819 praesentia
1614 2735 1802 2812 admonent
1836 2757 1970 2801 omnes-

522 2861 604 2925 que.
618 2861 690 2910 ,una
717 2861 848 2906 sessum
876 2842 910 2905 in
939 2842 1088 2906 mediam
1116 2842 1239 2906 silvam
1268 2843 1406 2906 abeunt.
1436 2842 1700 2927 Quamprimum
1730 2843 1967 2918 consederant,

526 2948 647 3011 statim
670 2948 810 3013 Crassus
832 2948 1102 3032 disputationem
1120 2949 1163 3012 de
1184 2949 1317 3013 ratione
1340 2949 1505 3014 orationis
1526 2949 1749 3013 illustrandae
1773 2950 1969 3035 aggreditur

524 3060 561 3119 et
571 3054 672 3120 initio
681 3054 833 3139 iniquam
844 3056 1067 3138 partitionem
1076 3056 1120 3119 ab
1130 3055 1282 3120 Antonio
1293 3055 1421 3120 factam
1435 3055 1470 3119 in
1484 3055 1719 3139 disputatione
1734 3056 1775 3120 de
1789 3056 1968 3139 disciplina

525 3161 662 3225 dicendi
682 3162 827 3226 comiter
847 3171 997 3238 accusat,
1017 3163 1111 3248 quod
1131 3163 1203 3246 ipse
1224 3161 1266 3226 de
1287 3163 1388 3226 rebus
1421 3162 1519 3237 dixit,
1541 3163 1605 3226 sibi
1626 3171 1744 3226 autem
1764 3165 1871 3226 verba
1893 3163 1967 3227 reli-

521 3267 612 3353 quit,
633 3290 724 3354 quae
747 3269 815 3335 duo
837 3277 963 3334 natura
986 3277 1067 3334 sunt
1090 3269 1180 3334 inter
1202 3291 1236 3335 se
1259 3269 1444 3360 coniuncta
1468 3278 1501 3334 et
1525 3269 1611 3335 adeo
1634 3275 1708 3335 arte
1730 3269 1903 3355 colligata,
1927 3279 1967 3335 ut

525 3376 673 3440 alterum
703 3377 748 3440 ab
777 3377 885 3441 altero
914 3377 1132 3460 seiunctum)
1166 3378 1349 3442 subsistere
1379 3398 1448 3442 non
1477 3377 1595 3461 possit.
1627 3376 1715 3441 Tum
1745 3377 1894 3442 excurrit
1933 3378 1967 3441 in

526 3482 640 3546 locum
662 3503 881 3547 communem
904 3484 947 3548 de
969 3484 1073 3547 variis
1095 3483 1277 3570 generibus
1298 3483 1443 3559 dicendi,
1465 3504 1555 3569 quae
1578 3484 1613 3547 in
1635 3482 1775 3567 singulis
1798 3493 1966 3568 apparent

524 3589 741 3665 Oratoribus
771 3590 850 3655 licet
879 3592 923 3655 ab
952 3612 1022 3655 una
1050 3591 1239 3675 eademque
1276 3597 1349 3654 arte
1379 3590 1591 3655 Elocutionis
1620 3590 1864 3674 producantur.
1899 3590 1966 3654 Ubi

527 3695 615 3761 redit
648 3697 693 3760 ad
724 3696 936 3772 institutum,
970 3698 1088 3781 paucis
1119 3698 1233 3761 verbis
1264 3717 1437 3761 summam
1470 3698 1606 3762 futurae
1638 3697 1883 3781 disputationis
1915 3696 1967 3761 his

526 3802 642 3866 verbis
667 3804 840 3888 proponit,
864 3804 959 3889 quod
984 3825 1023 3868 ea
1048 3804 1174 3879 omnia,
1198 3825 1288 3890 quae
1314 3804 1431 3868 docuit
1458 3804 1639 3879 Antonius
1666 3804 1798 3888 agenda
1824 3812 1905 3868 sunt
1931 3812 1966 3868 et

525 3908 744 3993 aliquomodo
759 3910 914 3987 dicenda,
930 3911 993 3975 hoc
1009 3920 1060 3976 est
1075 3911 1266 3975 sententiae
1294 3912 1455 3975 inventae
1470 3918 1504 3975 et
1516 3911 1616 3995 quasi
1630 3911 1665 3975 in
1680 3911 1751 3975 acie
1765 3911 1964 3986 collocatae,

524 4024 565 4079 ut
587 4015 705 4080 docuit
729 4017 910 4093 Antonius
933 4018 1143 4090 vestiendae,
1168 4018 1236 4082 imo
1259 4018 1365 4082 etiam
1388 4018 1561 4082 ornandae
1584 4026 1664 4082 sunt
1686 4018 1801 4081 verbis
1823 4017 1964 4094 idoneiS,

519 4122 617 4206 quod
642 4124 820 4207 proprium
846 4132 896 4189 θεῖ
926 4126 1150 4200 Elocutionis,
1178 4124 1300 4189 deinde
1327 4124 1520 4188 offerendae
1547 4144 1631 4189 voce
1658 4133 1691 4189 et
1718 4132 1817 4209 gestu
1842 4144 1967 4188 conve·

524 4229 645 4305 nienti,
665 4230 760 4315 quod
781 4232 958 4316 proprium
976 4240 1027 4296 θεῖ
1042 4231 1207 4307 Actionis,
1231 4230 1333 4316 idque
1355 4232 1524 4315 explicare
1545 4231 1648 4295 debet
1670 4230 1819 4295 Crassus,
1844 4231 1967 4295 Elocu-

523 4336 627 4400 tionis
638 4337 712 4400 vim
723 4345 827 4422 atque
839 4346 1002 4402 naturam
1014 4339 1048 4401 in
1060 4346 1212 4423 quatuor
1223 4337 1358 4402 dicendi
1371 4338 1481 4403 modis
1493 4338 1549 4400 vel
1560 4337 1741 4423 generibus
1753 4338 1916 4402 ostendit:
1931 4338 1966 4401 in

524 4442 644 4519 latino,
672 4444 785 4527 plan0,
813 4453 935 4509 ornato
961 4453 995 4510 et
1022 4453 1117 4529 apt0,
1135 4466 1287 4531 quorum
1305 4445 1391 4509 duos
1417 4444 1545 4529 priores
1570 4445 1771 4508 brevissime
1797 4445 1965 4528 percurrit

522 4549 578 4613 vel
603 4550 720 4633 potius
743 4572 861 4615 eorum
886 4561 1026 4617 tantum
1050 4552 1131 4615 fecit
1157 4553 1377 4627 mentionem,
1398 4572 1441 4615 ne
1461 4551 1534 4614 illos
1559 4552 1659 4635 plane
1684 4551 1898 4635 praeteriisse
1923 4552 1965 4614 si-

522 4656 629 4720 lentio
647 4657 832 4722 videretur.
850 4660 946 4723 Alter
958 4659 1049 4723 enirn
1065 4679 1194 4735 eorum,
1209 4658 1262 4722 hic
1280 4666 1332 4722 est
1348 4658 1487 4731 latinus,
1504 4657 1655 4722 traditur
1670 4658 1776 4721 literis
1793 4657 1966 4721 doctrina-

519 4783 588 4846 que
621 4764 742 4847 puerili
767 4786 877 4849 neque
895 4774 968 4830 tam
985 4773 1059 4830 arte
1073 4786 1179 4851 quam
1197 4766 1312 4849 potius
1329 4764 1583 4840 exercitatione,
1599 4785 1688 4849 quae
1705 4764 1746 4827 fit
1765 4765 1799 4828 in
1816 4764 1966 4849 legendis

523 4876 629 4954 atque
658 4871 838 4936 audiendis
880 4881 956 4938 tum
984 4873 1095 4957 poetis
1125 4879 1202 4937 tum
1232 4871 1435 4947 oratoribus,
1464 4880 1695 4954 comparatur.
1731 4872 1771 4935 In
1798 4892 1868 4955 quo
1896 4892 1965 4935 non

522 4976 634 5040 solum
653 4979 896 5050 barbarismus,
914 4981 974 5065 qui
994 4988 1044 5044 θεῖ
1065 4981 1099 5043 in
1116 4979 1257 5065 singulis
1283 4978 1435 5054 vocibus,
1464 4986 1498 5042 et
1513 4978 1741 5050 soloecismus
1766 4979 1826 5063 qui
1852 4985 1904 5042 est
1931 4978 1965 5042 in

521 5083 726 5157 coniunctis,
757 5086 939 5171 fugiendus
960 5094 1022 5162 est,
1045 5107 1167 5151 verum
1189 5086 1294 5150 etiam
1316 5084 1607 5169 pronuntiationis
1635 5086 1785 5149 maxima
1807 5084 1965 5150 habenda

522 5197 573 5254 est
593 5191 694 5264 ratio,
723 5193 772 5257 ita
789 5199 828 5256 ut
847 5194 1082 5258 urbanitatem
1098 5194 1228 5257 civium
1247 5192 1495 5267 Romanorum,
1515 5213 1582 5257 non
1602 5200 1719 5257 autern
1738 5193 1965 5256 stoliditatem

522 5298 710 5382 agrestium
739 5300 918 5364 hominum
949 5322 1031 5384 prae
1059 5322 1094 5363 se
1124 5301 1221 5365 ferat.
1254 5300 1350 5364 Alter
1379 5298 1527 5383 denique
1556 5300 1678 5363 modus
1707 5298 1888 5383 eloquendi
1917 5298 1966 5361 in-

638 5537 657 5602 ι)
682 5536 797 5590 Adieci:
819 5538 988 5591 seiunctum
1009 5539 1047 5592 cf.
1070 5539 1107 5591 de
1128 5554 1170 5591 or.
1197 5538 1270 5599 111..
1292 5538 1319 5599 6,
1343 5552 1388 5603 ²4·
