4617 6575
1035 654 1068 708 21

328 875 541 962 telligentiae
564 897 669 940 causa
695 877 890 952 adhibetur,
913 877 1008 962 quod
1033 876 1086 951 fit,
1110 876 1251 962 quando
1277 877 1404 942 Orator
1428 878 1462 940 in
1489 876 1633 942 dicendo
1658 879 1773 942 verbis

327 983 457 1058 latinis,
500 983 775 1068 significantibus
804 991 838 1048 et
868 984 1005 1048 usitatis
1034 984 1154 1048 utitur.
1187 981 1253 1047 Sed
1282 984 1483 1069 priusquam
1511 984 1597 1050 duos
1626 985 1773 1070 reliquos

326 1089 475 1164 accedit,
493 1089 665 1175 quaedam
685 1091 752 1154 alia
771 1090 902 1174 profert
922 1091 955 1154 in
976 1090 1139 1167 medium,
1157 1111 1264 1175 quam
1284 1091 1329 1154 ab
1349 1091 1422 1175 ipso
1442 1093 1579 1156 fuerant
1600 1091 1770 1177 flagitata,

298 1259 304 1271 ,
331 1200 394 1263 hac
408 1204 526 1261 tamen
541 1195 776 1284 disputatione
790 1218 858 1261 non
872 1198 1024 1283 indigna,
1039 1198 1108 1262 imo
1122 1218 1268 1282 persona
1282 1197 1391 1262 Crassi
1406 1197 1614 1284 dignissima.
1632 1198 1772 1262 Etenim

329 1306 384 1369 vir
397 1305 473 1378 iste,
488 1303 586 1368 velut
601 1311 699 1368 aestu
711 1303 865 1389 quodam
880 1304 1006 1390 ingenii
1020 1304 1073 1368 sui
1088 1325 1109 1368 a
1124 1311 1215 1368 terra
1246 1305 1280 1368 in
1294 1305 1428 1369 coelum
1444 1307 1619 1389 abreptus,
1636 1325 1772 1370 rursum

254 1427 257 1431 ’
327 1413 376 1476 ad
396 1410 516 1475 laudes
537 1410 709 1494 perfectae
732 1411 958 1496 Eloquentiae
981 1411 1170 1497 digreditur
1192 1412 1411 1496 ostenditque
1434 1411 1552 1476 multis
1581 1411 1774 1476 rationibus

331 1517 588 1601 Philosophiam
617 1518 755 1582 Oratori
784 1518 933 1582 maxime
973 1519 1198 1582 necessariam
1241 1539 1323 1594 esse,
1355 1519 1382 1582 si
1416 1519 1450 1582 in
1481 1539 1552 1582 sese
1583 1519 1773 1584 absurdum

328 1626 415 1690 illud
440 1624 506 1689 oris
532 1633 566 1688 et
591 1624 703 1688 cordis
728 1624 907 1689 dissidium
932 1625 1018 1689 nolit
1043 1625 1197 1709 experiri.
1227 1625 1292 1690 Sed
1315 1625 1397 1711 quia
1422 1626 1553 1690 multae
1579 1626 1768 1691 extiterunt

330 1731 612 1817 philosophorum
633 1751 703 1795 non
726 1738 866 1796 tantum
888 1732 1048 1808 familiae,
1072 1732 1133 1796 sed
1154 1733 1260 1797 etiam
1280 1731 1453 1818 quaedam
1474 1733 1583 1796 veluti
1605 1733 1771 1808 coloniae,

323 1839 493 1925 quoniam
508 1837 586 1902 licet
602 1838 769 1922 plurimae
785 1839 830 1904 ab
845 1860 915 1903 uno
929 1838 1070 1903 Socrate
1085 1839 1251 1925 originem
1266 1839 1471 1923 acceperint,
1488 1847 1606 1904 tamen
1622 1840 1772 1904 multum

331 1947 420 2011 inter
441 1965 476 2008 se
498 1944 753 2010 discriminatae
770 1946 920 2022 fuerant;
943 1946 1020 2010 ideo
1033 1945 1283 2031 propemodum
1297 1966 1414 2010 omnes
1434 1953 1622 2011 enumerat.
1644 1947 1772 2011 Verum

327 2055 513 2118 Oratorem
531 2071 633 2116 suum
653 2059 792 2117 tanturn
811 2052 888 2116 vult
907 2053 1036 2116 versari
1064 2053 1099 2116 in
1117 2052 1234 2117 schola
1254 2053 1538 2118 Academicorum
1557 2061 1661 2138 atque
1683 2053 1772 2118 Peri-

331 2159 573 2244 pateticorum,
594 2159 630 2222 in
649 2180 797 2244 quarum
819 2159 875 2224 illa
897 2159 1060 2245 magister
1076 2167 1149 2224 erat
1171 2159 1372 2236 Carneades
1395 2161 1430 2224 in
1453 2161 1514 2224 hac
1537 2181 1618 2224 vero
1642 2160 1771 2225 Aristo-

331 2267 425 2342 teles,
440 2265 567 2350 quibus
583 2267 633 2329 ita
649 2287 790 2351 operam
806 2266 888 2330 dare
904 2266 1018 2341 debet,
1036 2274 1075 2331 ut
1093 2287 1211 2332 omnes
1243 2287 1361 2332 eorum
1390 2266 1643 2351 disputationes
1667 2275 1771 2352 atque

330 2373 525 2438 doctrinam
551 2371 597 2436 ad
621 2373 759 2438 civilem
785 2373 1000 2457 disciplinam
1027 2380 1061 2438 et
1089 2373 1236 2438 forensia
1263 2374 1400 2459 negotia
1427 2375 1622 2438 transferat.
1652 2373 1771 2459 Neque

330 2480 418 2558 vult,
445 2480 546 2544 utin
572 2500 690 2544 eorum
717 2480 937 2565 Philosophia
963 2488 1075 2544 totam
1102 2487 1254 2545 aetatem
1278 2487 1436 2546 conterat
1463 2487 1497 2544 et
1520 2481 1620 2565 quasi
1646 2481 1680 2544 in
1706 2481 1770 2544 hoc

328 2587 446 2652 studio
484 2595 716 2661 consenescat,
757 2607 878 2651 verum
919 2595 957 2651 ut
998 2587 1259 2672 philosophetur
1298 2587 1427 2671 paucis,
1477 2586 1772 2672 quemadmodum

329 2695 481 2780 loquitur
504 2693 750 2777 Neoptolemus
773 2693 867 2778 apud
897 2694 1089 2775 Ennium1),
1122 2695 1185 2758 hoc
1209 2702 1272 2770 est,
1296 2701 1335 2758 ut
1359 2702 1499 2758 tantum
1522 2694 1634 2759 fontes
1658 2694 1771 2759 Philo·

329 2801 472 2885 sophiae
497 2800 685 2876 intueatur,
707 2801 801 2885 quod
825 2801 890 2865 nisi
912 2802 990 2886 quis
1012 2801 1168 2865 celeriter
1194 2801 1405 2885 cognoverit,
1431 2821 1608 2886 nunquam
1633 2802 1773 2866 omnino

325 2913 522 2993 cognoscet.
553 2908 599 2971 Et
623 2907 683 2993 qui
711 2907 824 2972 fontes
849 2909 1012 2992 cognovit
1039 2908 1094 2972 vel
1122 2908 1348 2982 mediocriter,
1377 2915 1464 2982 tum,
1500 2908 1771 2993 quotiescunque

327 3035 416 3099 opus
438 3015 514 3090 erit,
537 3035 579 3079 ex
601 3014 664 3092 his,
684 3023 901 3100 quantumve
923 3035 976 3078 res
998 3015 1183 3100 flagitabit,
1208 3015 1305 3079 facile
1328 3015 1462 3079 haurire
1484 3015 1621 3099 poterit.
1646 3015 1772 3080 Omnia

328 3122 422 3186 enim
447 3121 516 3186 ista
540 3120 641 3186 aliter
665 3123 710 3185 ab
735 3122 788 3186 his
813 3129 1020 3196 tractantur,
1043 3122 1103 3208 qui
1128 3121 1323 3186 doctrinam
1348 3121 1393 3186 ad
1418 3142 1519 3186 usum
1544 3122 1769 3186 transferunt:

328 3228 429 3315 longe
453 3236 573 3293 autem
597 3228 697 3293 aliter
721 3229 766 3293 ab
790 3229 865 3305 illis,
888 3229 950 3315 qui
974 3228 1008 3293 in
1033 3228 1149 3295 studio
1174 3237 1208 3294 et
1234 3227 1396 3294 discendo
1420 3235 1533 3294 totam
1556 3228 1668 3295 vitam
1691 3249 1772 3293 con·

328 3343 484 3401 sumunt.
506 3336 600 3400 Haec
620 3336 654 3399 in
673 3357 753 3401 eum
772 3336 917 3417 finemga
936 3336 1056 3400 Crasso
1075 3337 1309 3420 disputantur,
1326 3358 1396 3422 quo
1414 3336 1547 3401 facilius
1565 3344 1771 3420 pernoscant

326 3464 459 3520 omnes,
481 3440 736 3508 volubilitatem
767 3443 951 3508 verborum
972 3444 1045 3508 sine
1066 3464 1179 3508 rerum
1216 3443 1422 3529 cognitione,
1445 3443 1631 3528 exquibus
1653 3443 1772 3527 depro-

328 3550 476 3615 mendae
496 3558 578 3614 sunt
598 3550 801 3625 sententiae,
824 3550 962 3614 inanem
982 3570 1064 3625 esse,
1087 3551 1240 3635 ineptem
1260 3558 1364 3635 atque
1385 3550 1576 3615 ridiculam:
1599 3570 1772 3614 summam

326 3656 476 3742 denique
500 3656 639 3721 laudem
664 3656 699 3721 in
725 3656 892 3721 facultate
918 3657 1144 3742 Eloquentiae
1170 3678 1249 3721 eum
1274 3678 1346 3721 esse
1370 3664 1604 3732 consecutum,
1635 3656 1694 3741 qui
1721 3678 1772 3720 res

328 3764 427 3828 novit
470 3763 683 3848 amplificare
711 3771 746 3827 et
775 3765 966 3829 orationem
993 3772 1193 3828 convertere
1222 3764 1268 3828 ad
1296 3771 1440 3839 motum,
1468 3763 1561 3849 quod
1591 3764 1625 3827 in
1653 3763 1772 3848 primis

327 3869 530 3935 faciundum
549 3878 600 3935 est
620 3871 656 3935 in
674 3870 767 3946 locis,
783 3871 844 3957 qui
863 3892 884 3935 a
902 3871 1076 3935 veteribus
1094 3891 1294 3935 communes
1312 3870 1369 3933 vel
1387 3871 1563 3955 proposita
1590 3878 1769 3934 vocantur.

326 3976 395 4041 Sed
418 3978 454 4040 hi
477 3996 546 4041 non
580 3977 718 4042 aliunde
753 3978 970 4053 hauriuntur,
992 3998 1098 4063 quam
1122 3999 1164 4042 ex
1190 3977 1419 4062 Philosophia,
1445 3978 1644 4061 praesertim
1667 3977 1771 4053 civili,

325 4104 512 4169 eorumque
547 4083 604 4147 alii
627 4084 835 4149 adhibentur
857 4084 893 4148 in
916 4084 1010 4149 vitiis
1034 4083 1253 4160 insectandis
1278 4084 1335 4148 alii
1359 4106 1420 4169 pro
1444 4085 1508 4148 reis
1532 4083 1767 4167 deprecandis,

325 4190 386 4253 alii
412 4190 447 4254 in
473 4200 657 4276 utramque
683 4200 818 4275 partem
844 4191 1054 4275 disputando
1081 4191 1287 4255 Academiae
1315 4212 1407 4255 more
1434 4190 1644 4275 explicandis
1671 4192 1772 4255 rebus

329 4297 532 4366 inserviunt.
557 4297 606 4361 Ut
625 4305 744 4362 autem
762 4299 797 4361 in
817 4299 907 4363 hunc
928 4298 1070 4364 modum
1089 4297 1301 4382 disputando
1320 4298 1430 4361 oratio
1449 4298 1521 4362 eius
1540 4297 1669 4362 evadat
1689 4298 1770 4361 ube-

327 4404 405 4480 rior,
425 4411 564 4488 oportet
595 4403 747 4469 Finitam
762 4405 1002 4490 quaestionem
1021 4425 1181 4469 revocare
1200 4404 1246 4469 ad
1268 4404 1458 4479 Infinitam,
1478 4404 1575 4469 cuius
1594 4404 1641 4469 rei
1659 4403 1771 4489 gratia

326 4531 465 4575 rursum
489 4510 680 4595 digreditur
703 4511 748 4575 ad
773 4513 855 4576 haec
877 4512 1121 4597 quaestionum
1144 4531 1279 4597 genera,
1315 4511 1524 4596 modumque
1559 4510 1772 4575 reducendae

326 4618 579 4683 controversiae
607 4617 652 4682 ad
681 4618 913 4702 Propositum;
942 4618 1005 4683 hoc
1034 4627 1085 4684 est
1115 4620 1249 4684 Finitae
1274 4618 1486 4703 quaestionis
1514 4617 1559 4682 ad
1577 4617 1769 4681 Infinitam:

325 4724 491 4809 exemplis
514 4732 591 4789 tum
617 4725 824 4790 Graecorum
861 4734 937 4790 tum
961 4726 1164 4791 Latinorum
1188 4725 1347 4790 illustrat.
1375 4725 1473 4789 Hanc
1498 4724 1770 4807 disputationem

325 4831 439 4895 Crassi
457 4832 679 4896 vehementer
697 4832 817 4897 laudat
832 4832 975 4897 Catulus
989 4832 1128 4917 eiusque
1145 4832 1353 4896 sententiam
1373 4832 1536 4915 exemplis
1552 4828 1773 4915 quorundam

325 4937 568 5023 Sophistarum
584 4939 858 5014 Atheniensium,
872 4940 932 5024 qui
950 4940 1177 5024 Eloquentiae
1193 4939 1439 5023 professionem
1454 4958 1535 5003 curn
1552 4937 1771 5022 Philosophia

325 5045 589 5121 coniunxerunt,
618 5053 695 5110 tum
722 5047 858 5130 probat,
888 5054 965 5110 tum
991 5045 1186 5121 confirmat,
1216 5045 1275 5110 sed
1303 5052 1421 5109 tamen
1448 5045 1619 5119 Crassum,
1649 5052 1688 5109 ut
1707 5044 1770 5119 his,

326 5151 376 5216 ita
402 5152 562 5217 omnibus
591 5152 729 5217 Graecis
754 5154 854 5237 longe
879 5154 1070 5237 anteponit.
1097 5153 1305 5237 Quanquam
1331 5152 1422 5216 enim
1448 5151 1483 5215 in
1510 5172 1628 5215 eorum
1654 5152 1770 5237 linga

325 5278 394 5323 non
419 5258 531 5323 fuerat
557 5266 660 5323 natus
693 5260 872 5345 fueratque
904 5280 1039 5344 semper
1069 5260 1229 5323 civilibus
1253 5260 1339 5323 adeo
1363 5266 1552 5343 occupatus
1575 5258 1631 5323 vel
1656 5259 1771 5342 potius

442 5499 462 5563 ¹)
486 5497 532 5550 De
553 5513 595 5550 or.
621 5498 675 5559 11,
699 5514 743 5565 37,
770 5500 829 5564 156.
