4617 6575
486 1081 682 1152 Generoso
707 1088 747 1152 et
772 1079 924 1153 literato
952 1080 1093 1150 Baroni
1120 1081 1168 1152 D.
1194 1081 1328 1151 carolo
1354 1103 1377 1151 a
1401 1081 1624 1170 Waldsteyn
1649 1088 1723 1154 etc.

491 1189 533 1258 in
555 1188 721 1260 Consilio
753 1186 1073 1274 provocationum
1099 1188 1292 1258 assessori
1323 1189 1368 1258 D.
1403 1193 1442 1256 et
1467 1195 1630 1275 patrono
1656 1211 1727 1262 suo

865 1298 1030 1366 loannes
1053 1294 1217 1366 Cocinus
1245 1294 1283 1365 S.
1307 1296 1355 1366 D.

496 1474 583 1538 Cum
593 1474 685 1538 hisce
696 1473 817 1538 diebus
832 1473 1042 1537 valetudinis
1057 1493 1162 1537 causa
1179 1494 1233 1537 me
1248 1473 1461 1538 continerem
1478 1474 1512 1538 111
1529 1474 1689 1558 hospitio,
1708 1475 1832 1540 studiis

386 1589 516 1656 tamen,
543 1580 839 1666 quemadmodum
867 1581 1040 1655 convenit,
1071 1580 1247 1665 ingenium
1277 1580 1453 1644 intendere
1482 1601 1551 1645 non
1579 1602 1725 1665 possem,
1755 1590 1832 1646 turn

376 1687 479 1773 quod
500 1708 627 1771 corpus
651 1708 719 1751 non
744 1689 830 1751 bene
854 1694 943 1751 esset
967 1687 1145 1764 allectum,
1171 1695 1248 1752 tum
1268 1687 1363 1772 quod
1387 1687 1524 1752 animus
1547 1689 1592 1753 ob
1615 1696 1832 1771 praesentem

387 1816 502 1860 rerum
522 1815 678 1859 mearum
700 1794 802 1858 valde
824 1794 970 1858 dubium
990 1801 1124 1858 statum
1144 1792 1181 1857 111
1203 1794 1355 1858 diversas
1376 1801 1555 1878 raperetur
1583 1801 1710 1878 partes.
1732 1795 1831 1880 coepi

387 1901 641 1966 iucunditatem
667 1921 830 1986 quaerere
860 1901 988 1985 partim
1017 1922 1059 1964 ex
1087 1900 1184 1964 libris
1213 1901 1249 1964 in
1278 1901 1427 1985 aliquem
1456 1901 1612 1966 ordinem
1641 1902 1833 1988 redigendis

386 2009 515 2092 partim
547 2030 590 2072 ex
621 2008 752 2071 scriniis
784 2007 1007 2083 excutiendis,
1041 2007 1076 2070 in
1106 2008 1232 2092 quibus
1265 2007 1454 2072 amicorum
1485 2007 1602 2072 literas
1634 2029 1833 2074 mearumve

310 2117 318 2134 '
385 2115 674 2180 exercitationum
695 2114 866 2199 quasdam
894 2134 1004 2199 nugas
1033 2114 1217 2178 asservavi.
1253 2114 1307 2178 Ibi
1336 2122 1413 2179 tum
1442 2114 1530 2179 forte
1560 2115 1701 2180 fortuna
1729 2115 1835 2180 incidi

388 2223 422 2285 in
443 2222 650 2296 adversaria,
672 2222 850 2306 inquibus
870 2220 973 2285 unius
992 2227 1026 2284 et
1048 2221 1189 2285 alterius
1208 2221 1286 2284 libri
1306 2221 1477 2286 Ciceronis
1497 2222 1539 2285 de
1560 2224 1705 2288 Oratore
1726 2222 1771 2286 ad
1790 2224 1830 2307 Q.

388 2331 530 2393 fratrem
550 2330 650 2414 quasi
674 2329 751 2392 rudi
775 2328 929 2393 Minerva
952 2335 1196 2413 argumentum
1220 2327 1399 2392 delineavi.

501 2454 564 2518 Illa
595 2461 780 2538 postquam
810 2452 959 2537 percurri
989 2452 1110 2528 obiter,
1142 2453 1241 2528 illic0‚
1273 2452 1391 2517 Carole
1423 2453 1523 2529 Baro,
1555 2453 1651 2518 venit
1682 2453 1766 2518 mihi
1798 2454 1832 2517 in

388 2568 540 2625 mentem
558 2560 647 2624 illius
670 2561 846 2635 sermonis
862 2581 976 2644 quem,
995 2559 1024 2622 si
1041 2580 1110 2622 non
1128 2580 1213 2634 erro,
1233 2567 1314 2623 ante
1332 2579 1465 2623 menses
1483 2566 1551 2623 tres
1570 2559 1611 2623 de
1630 2560 1721 2624 hisce
1738 2560 1834 2624 libris

388 2668 611 2743 habebamus,
646 2688 727 2731 cum
750 2667 857 2731 etiarn
881 2688 949 2730 una
973 2666 1190 2730 accubuisset
1225 2674 1341 2730 noster
1376 2667 1574 2730 Matthaeus
1604 2666 1834 2731 Tulechovius

392 2773 479 2838 Iuris
493 2781 528 2838 et
542 2774 656 2858 legum
674 2774 887 2856 consultus.¹)
911 2774 1058 2837 Dicebas
1077 2773 1168 2837 enirn
1188 2779 1221 2836 te
1235 2772 1336 2837 valde
1356 2772 1519 2836 delectari
1537 2773 1682 2838 lectione
1702 2774 1834 2838 Cicero-

387 2902 577 2945 neanorum
599 2881 775 2957 librorum,
798 2880 965 2964 inprimis
987 2888 1105 2944 tamen
1128 2900 1257 2956 eorum,
1279 2879 1405 2964 quibus
1428 2879 1483 2944 ille
1506 2880 1723 2963 disciplinam
1746 2882 1833 2944 bene

387 2987 523 3053 dicendi
546 2999 599 3052 est
631 2989 838 3072 complexus,
879 2988 1149 3072 quotiescunque
1179 3009 1199 3052 a
1237 2985 1394 3070 litigiosis
1432 2985 1505 3050 istis
1537 2986 1832 3072 occupationibus,

374 3116 474 3179 quae
504 3095 538 3157 in
567 3102 684 3158 vestro
712 3095 853 3158 consilio
883 3095 1070 3178 agitantur,
1110 3093 1176 3156 tibi
1213 3093 1269 3156 vel
1298 3093 1480 3157 minimum
1519 3093 1580 3157 otii
1620 3092 1831 3158 conceditur.

389 3200 508 3285 Neque
532 3201 657 3265 iniuria
682 3201 717 3264 id
742 3201 838 3265 lacis:
862 3201 923 3285 qui
948 3201 1040 3264 enim
1065 3200 1293 3285 Eloquentiae
1318 3220 1430 3275 verae,
1457 3200 1485 3264 is
1509 3207 1601 3264 certe
1626 3220 1728 3264 verae
1753 3221 1834 3283 pru-

390 3309 527 3373 dentiae
552 3309 613 3372 dat
639 3330 790 3393 operam,
816 3310 955 3372 tametsi
979 3329 1070 3372 nunc
1096 3308 1221 3372 iterum
1245 3308 1378 3372 scholas
1402 3308 1530 3371 invasit
1553 3308 1640 3372 illud
1661 3307 1774 3372 cordis
1798 3313 1834 3371 et

388 3416 456 3480 oris
485 3416 674 3490 dissidium,
705 3422 744 3479 111
772 3416 856 3479 alios
884 3416 1073 3479 habeamus
1102 3414 1268 3478 Doctores
1295 3414 1484 3499 prudenter
1510 3414 1720 3491 consulendi,
1750 3414 1835 3479 alios

388 3523 494 3586 etiam
523 3522 704 3607 Magistros
732 3524 818 3586 bene
848 3521 994 3586 dicendi.
1026 3521 1134 3606 Atqui
1163 3520 1315 3586 Phoenix
1344 3520 1438 3605 apud
1467 3522 1658 3586 Homerum
1686 3541 1707 3585 a
1734 3527 1834 3604 patre

390 3629 489 3694 Peleo
512 3629 615 3694 datus
637 3630 704 3693 11111
726 3628 861 3704 Achilli,
886 3637 925 3693 ut
949 3649 1029 3692 eum
1051 3628 1188 3692 doceret
1211 3628 1399 3711 prudenter
1419 3627 1531 3692 dicere
1553 3635 1588 3692 et
1611 3629 1698 3692 bene
1721 3649 1832 3713 agere,

373 3736 679 3819 quemadmodum
697 3744 732 3800 et
753 3736 881 3799 Ulisses
899 3742 1084 3819 utrumque
1103 3743 1278 3818 praestare
1296 3735 1421 3818 potuit.
1446 3734 1542 3799 Inter
1560 3735 1627 3799 alia
1642 3736 1834 3820 quaerebas

387 3844 494 3907 etiam
515 3864 557 3907 ex
578 3864 643 3918 me,
663 3862 834 3928 quosnam
855 3863 973 3906 eorum
995 3842 1057 3905 tibi
1080 3849 1114 3906 et
1136 3843 1200 3905 hac
1223 3842 1425 3925 praesertim
1446 3849 1561 3906 aetate
1583 3841 1628 3906 ad
1649 3842 1835 3927 legendum

388 3958 551 4032 putarem
574 3971 646 4013 esse
671 3950 820 4014 maxime
845 3948 993 4013 idoneos.
1022 3948 1095 4032 Ego
1120 3969 1249 4025 omnes,
1273 3949 1333 4032 qui
1358 3949 1501 4033 abipso
1526 3949 1687 4014 Cicerone
1711 3947 1831 4031 scripti

388 4064 470 4120 sunt
488 4063 522 4120 et
537 4055 678 4141 quidem
695 4077 774 4119 sene
792 4056 929 4139 iamque
947 4055 1170 4138 Reipublicae
1188 4056 1387 4120 muneribus
1413 4056 1606 4139 perfuncto,
1634 4056 1834 4119 utilissimos

388 4184 460 4227 esse
483 4163 675 4247 legentibus
698 4162 997 4247 respondi—quis
1022 4163 1114 4226 enim
1132 4169 1271 4226 tantam
1290 4164 1484 4226 doctrinam
1503 4170 1708 4247 tantumque
1730 4182 1834 4228 usum

388 4272 512 4334 habere
522 4270 636 4354 potuit
646 4270 717 4333 sive
727 4270 762 4332 in
771 4271 857 4332 bene
870 4269 1014 4333 dicendo
1024 4269 1096 4332 sive
1107 4269 1141 4331 in
1152 4268 1340 4351 prudenter
1349 4268 1575 4333 consulendo?
1589 4269 1702 4332 -sed
1713 4275 1834 4333 tamen

388 4377 521 4441 homini
540 4375 680 4461 politico
699 4382 743 4451 et,
757 4376 819 4459 qui
836 4376 881 4441 ad
897 4375 1161 4459 Rempublicam
1177 4376 1337 4440 accedere
1356 4376 1497 4461 cogitat,
1516 4396 1586 4439 non
1602 4376 1705 4443 modo
1720 4376 1832 4450 utiles

389 4503 510 4547 rerum
527 4483 634 4546 etiam
650 4482 857 4546 necessarios
874 4503 946 4545 esse
963 4488 1032 4545 tres
1049 4501 1232 4557 sermones,
1248 4502 1334 4565 quos
1352 4482 1407 4545 ille
1424 4482 1469 4544 ad
1484 4482 1523 4565 Q.
1543 4481 1685 4546 fratrem
1703 4481 1834 4545 Acade-

389 4590 478 4653 mico
505 4610 598 4653 more
625 4590 818 4671 scripserat,
846 4588 1015 4672 siquidem
1041 4588 1077 4651 in
1103 4587 1155 4651 his
1191 4588 1380 4652 doceantur
1418 4608 1488 4652 non
1528 4594 1604 4656 tam
1638 4595 1833 4671 praecepta,
1935 4626 1938 4633 ·

386 4716 475 4779 quae
494 4703 534 4760 tu
553 4696 588 4759 in
607 4696 756 4778 pueritia
774 4694 936 4771 didicisti,
953 4716 1060 4779 quam
1077 4695 1195 4777 potius
1213 4696 1336 4759 horum
1355 4694 1610 4759 demonstretur
1628 4715 1720 4770 usus,
1738 4695 1834 4778 quod

389 4824 498 4867 unum
521 4802 727 4887 requirebas.
754 4801 804 4867 Ac
825 4822 914 4887 quae
938 4808 1025 4877 tum,
1050 4801 1172 4866 eadem
1194 4822 1285 4865 nunc
1307 4822 1445 4886 quoque
1469 4822 1546 4866 mea
1582 4808 1634 4865 est
1658 4802 1832 4865 sententia

388 4930 498 4993 neque
520 4910 632 4973 dicere
653 4911 815 4974 erubesco
849 4909 950 4972 hosce
969 4908 1074 4972 libros
1095 4908 1335 4972 anteferendos
1356 4928 1427 4972 esse
1457 4908 1627 4984 omnibus
1658 4916 1831 4993 quotquot

389 5016 430 5079 de
445 5024 518 5080 arte
532 5015 668 5080 dicendi
678 5016 749 5078 sive
763 5016 971 5081 Graecorum
989 5015 1061 5079 sive
1074 5015 1276 5079 Latinorum
1295 5036 1337 5080 ex
1347 5015 1469 5080 scholis
1484 5015 1697 5099 prodierunt.
1714 5015 1833 5080 Etiam

505 5220 527 5284 ¹)
550 5217 726 5270 Matthaeus
748 5216 908 5284 Gregorius
929 5234 947 5269 a
964 5217 1136 5269 Tulechova
1156 5216 1188 5268 in
1211 5216 1373 5270 Germania
1396 5217 1616 5285 (Vitembergae
1637 5233 1717 5271 anno
1742 5217 1836 5284 1537),

390 5307 420 5357 in
448 5306 555 5367 Gallia,
581 5307 612 5358 in
640 5307 731 5359 ltalia
755 5305 795 5357 ad
819 5306 974 5358 literarum
999 5307 1135 5358 studium
1161 5322 1191 5358 se
1216 5307 1396 5359 contulerat.
1424 5306 1695 5375 ,Iurisprudentiae
1720 5305 1837 5358 doctor'

390 5395 490 5449 factus
506 5404 538 5447 et
555 5396 586 5447 in
602 5396 734 5465 patriam
751 5410 888 5449 reversus
905 5396 1036 5464 primum
1057 5396 1200 5465 Igloviae,
1219 5396 1328 5449 deinde
1344 5396 1375 5447 in
1393 5404 1495 5449 vetere
1512 5397 1586 5449 urbe
1606 5396 1749 5463 Pragensi
1768 5411 1838 5447 can-

387 5485 498 5537 cellarii
519 5500 644 5536 munere
667 5484 791 5537 iunctus
813 5494 868 5537 est.
891 5486 1031 5537 Mortuus
1053 5493 1100 5537 est
1121 5502 1148 5538 a.
1176 5487 1256 5553 1589.
1281 5484 1324 5537 Cl.
1351 5486 1462 5537 Kalina
1484 5502 1513 5538 v.
1538 5485 1740 5556 Jdthenstein,
1757 5485 1836 5537 Abh.

387 5573 416 5625 d.
440 5574 468 5625 11.
490 5574 593 5627 11ὀ11111.
618 5574 685 5627 Ges,
708 5574 737 5626 d.
759 5574 938 5626 Wissensch.
958 5574 1023 5636 VI„
1047 5575 1082 5625 82
1104 5582 1135 5627 et
1156 5574 1222 5637 Ott,
1247 5575 1388 5643 Beitriige
1409 5582 1477 5637 etc,
1499 5591 1528 5643 p.
1552 5590 1615 5640 240.

1696 5684 1725 5733 1*
