4617 6575
1241 707 1273 758 10

532 950 650 994 earum
680 951 781 994 usum
809 930 948 994 Oratori
976 931 1068 994 bono
1097 929 1184 993 adeo
1214 949 1285 993 esse
1315 929 1544 992 necessarium
1574 928 1801 1006 demonstrat,
1833 937 1872 994 ut
1904 931 1977 993 sine

532 1037 597 1100 illis
620 1035 775 1100 oiiicium
798 1036 911 1100 tacere
933 1057 1003 1100 non
1026 1037 1144 1120 possit.

641 1145 730 1207 Tum
749 1143 922 1208 Antonius
935 1150 1104 1227 tanquam
1124 1143 1252 1206 arbiter
1266 1149 1328 1207 aut
1341 1142 1554 1227 Vergilianus
1576 1142 1760 1208 Palaemon
1780 1163 1853 1206 sese
1872 1143 1977 1207 inter-

534 1251 633 1333 ponit
655 1257 689 1314 et
711 1251 921 1314 sententiam
941 1250 1120 1334 utriusque
1141 1269 1203 1313 nec
1226 1250 1366 1313 omnino
1388 1249 1558 1332 approbat
1580 1269 1641 1313 nec
1663 1249 1814 1314 vicissim
1836 1251 1977 1314 omnino

536 1357 723 1440 improbat;
754 1358 805 1421 ita
836 1363 953 1420 tamen
983 1377 1040 1420 eos
1068 1357 1240 1432 conciliat,
1270 1355 1364 1441 quod
1394 1357 1534 1420 Crassus
1564 1355 1606 1419 de
1637 1357 1789 1439 perlecto
1819 1357 1975 1432 Oratore,

533 1463 698 1527 Scaevola
725 1470 844 1527 autem
871 1462 913 1526 de
941 1463 1068 1527 forensi
1094 1470 1187 1526 recte
1215 1462 1351 1527 dixerit:
1378 1462 1603 1546 quamobrem
1631 1463 1720 1526 illius
1747 1463 1975 1548 eloquentem,

531 1569 633 1634 huius
657 1577 776 1634 autem
799 1569 967 1634 disertum
991 1569 1159 1634 nominat.

644 1694 734 1757 Hinc
759 1700 902 1777 accepta
924 1693 1101 1757 occasione
1124 1694 1227 1757 Cotta
1250 1701 1283 1757 et
1308 1693 1476 1776 Sulpicius
1500 1693 1732 1758 adolescentes
1755 1701 1876 1778 rogant
1900 1703 1976 1758 tum

531 1801 692 1865 Crassum
719 1807 796 1865 tum
816 1801 1018 1876 Antonium,
1047 1806 1099 1875 ut,
1117 1821 1207 1885 quae
1227 1801 1405 1883 sentiant¹)
1428 1799 1470 1864 de
1502 1799 1661 1864 universo
1680 1820 1800 1886 genere
1830 1799 1975 1878 dicendi,

531 1913 692 1971 accurate
722 1914 756 1970 et
786 1907 967 1992 diligenter
996 1908 1113 1970 omnia
1141 1913 1401 1990 persequantur,
1430 1926 1577 1990 quorum
1606 1907 1764 1990 precibus
1794 1909 1907 1971 victus
1937 1907 1973 1970 L.

472 2026 474 2028 ’
534 2015 686 2089 Crassus,
714 2014 856 2078 tametsi
881 2013 984 2078 valde
1011 2013 1082 2090 diu,
1109 2013 1212 2097 idque
1239 2019 1379 2096 propter
1406 2012 1568 2077 decorum
1594 2033 1817 2096 personarum
1844 2013 1976 2078 iactum

531 2129 594 2195 est,
610 2120 731 2184 luisset
751 2121 953 2196 reluctatus
968 2119 1014 2184 ad
1034 2120 1335 2204 investigationem
1355 2139 1537 2184 causarum
1556 2119 1729 2204 perfectae
1750 2120 1976 2205 Eloquentiae

531 2227 678 2290 accedit:
708 2233 844 2311 tresque
872 2234 1023 2302 tanturn,
1051 2226 1111 2290 sed
1138 2227 1319 2310 principes
1345 2226 1639 2310 quemadmodum
1666 2227 1702 2291 in
1730 2227 1804 2291 aliis
1831 2227 1976 2291 faculta-

531 2334 627 2398 tibus
655 2340 759 2417 atque
787 2333 985 2418 disciplinis,
1016 2353 1088 2397 esse
1115 2333 1279 2397 ostendit:
1310 2335 1492 2410 Naturam,
1521 2333 1642 2397 Artem
1670 2341 1773 2418 atque
1802 2333 1976 2397 Exercita-

532 2440 675 2504 tionem:
710 2422 817 2525 eaque
835 2441 969 2504 ratione
1000 2440 1043 2503 iit
1066 2460 1263 2525 progressus
1295 2461 1316 2504 a
1332 2440 1480 2526 generali
1512 2439 1713 2504 delinitione
1745 2440 1900 2506 Oratoris
1932 2439 1974 2504 ad

531 2548 849 2630 generalescausas
872 2548 944 2611 sive
968 2547 1123 2611 Oratoris
1146 2547 1219 2610 sive
1244 2546 1479 2632 Eloquentiae.

640 2674 671 2736 A
704 2678 830 2734 natura
863 2670 1022 2754 deinceps
1055 2669 1214 2754 producit
1251 2671 1502 2747 Inventionem,
1536 2671 1812 2748 Collocationem,
1854 2671 1975 2734 Elocu-

531 2777 662 2842 tionem
688 2784 722 2841 et
740 2777 951 2841 Memoriam.
979 2777 1066 2841 Cum
1092 2778 1184 2840 enirn
1209 2784 1335 2841 natura
1360 2778 1415 2840 vel
1440 2777 1588 2840 facultas
1614 2778 1769 2842 Oratoris
1787 2779 1822 2841 in
1840 2777 1976 2842 duabus

531 2884 750 2967 potissimum
779 2883 1015 2948 consideretur
1044 2884 1159 2947 rebus:
1191 2885 1226 2947 in
1256 2884 1371 2948 animo
1401 2883 1563 2949 nimirum
1593 2890 1627 2947 et
1657 2904 1810 2967 corpore:
1844 2885 1888 2948 ab
1918 2884 1973 2948 illo

531 2990 658 3073 accipit
679 3011 825 3055 acumen
847 2990 882 3054 in
903 2990 1120 3066 inveniendo
1143 3011 1287 3054 acumen
1309 2990 1343 3054 in
1364 2990 1573 3066 collocando,
1596 2991 1793 3055 ubertatem
1813 2991 1848 3054 in
1871 2991 1973 3074 expli-

530 3098 653 3173 cando,
678 3097 913 3162 constantiam
938 3104 1042 3181 atque
1067 3096 1334 3162 diuturnitatem
1359 3097 1393 3160 in
1418 3096 1597 3161 retinendo
1622 3104 1726 3181 atque
1751 3097 1972 3176 recordando

530 3204 574 3267 ab
605 3205 668 3268 hoc
700 3209 819 3269 autern
848 3204 1008 3288 provenit
1038 3203 1175 3289 linguae
1204 3204 1330 3268 solutio
1360 3210 1464 3289 atque
1493 3203 1703 3279 volubilitas,
1733 3204 1829 3268 vocis
1859 3224 1970 3278 sonus,

528 3311 678 3377 laterum
695 3312 796 3387 vires,
815 3310 1043 3375 conformatio
1057 3310 1231 3395 quaedam
1249 3319 1283 3375 et
1302 3311 1413 3395 figura
1430 3311 1539 3376 totius
1555 3310 1716 3394 corporis,
1739 3332 1828 3395 quae
1847 3312 1971 3388 omnia,

529 3418 670 3482 tametsi
686 3419 730 3482 ab
745 3426 819 3482 arte
846 3417 1059 3482 adiuvantur
1085 3418 1282 3501 plurimum,
1311 3425 1350 3482 ut
1377 3417 1443 3492 vel,
1469 3438 1559 3501 quae
1585 3419 1677 3483 bona
1704 3426 1796 3493 sunt,
1825 3417 1972 3502 ampliti-

532 3532 654 3588 centur
674 3524 742 3601 vel,
762 3545 851 3608 quae
881 3524 1019 3600 vitiosa,
1053 3524 1278 3610 corrigantur,
1303 3532 1419 3589 tamen
1441 3545 1510 3589 non
1533 3524 1799 3608 proficiscuntur
1819 3526 1864 3588 ab
1886 3531 1970 3600 arte,

531 3630 592 3694 sed
617 3632 661 3695 ab
687 3631 763 3715 ipsa
787 3637 913 3695 natura
936 3631 1060 3715 cuique
1085 3631 1216 3708 homini
1242 3630 1425 3695 donantur.
1454 3630 1519 3695 Sed
1545 3630 1635 3694 liunt
1662 3631 1728 3695 ista
1754 3631 1972 3717 elegantiora,

529 3738 558 3800 si
579 3738 614 3801 in
634 3740 780 3803 Oratore
800 3744 851 3803 est
872 3738 985 3821 pudor
1004 3738 1172 3823 ingenuus
1193 3744 1226 3801 et
1247 3738 1454 3801 verecundia
1473 3738 1634 3802 liberalis:
1654 3759 1724 3822 quo
1745 3738 1837 3802 enim
1856 3738 1975 3801 melior

531 3851 583 3907 est
608 3846 744 3920 Orator,
770 3866 810 3909 eo
833 3846 943 3930 magis
964 3844 1202 3908 verecundior:
1225 3865 1295 3929 quo
1319 3850 1436 3909 autem
1460 3844 1640 3921 indoctior,
1666 3866 1705 3908 eo
1728 3842 1970 3929 impudentior.

528 3951 643 4033 Quam
666 3952 876 4016 sententiam
901 3951 1070 4035 approbat
1104 3951 1287 4027 Antonius,
1322 3950 1616 4036 quemadmodum
1640 3957 1674 4016 et
1699 3951 1908 4035 superiorem
1931 3950 1974 4015 de

530 4058 749 4123 naturalibus
771 4058 877 4122 animi
898 4057 1048 4122 dotibus.
1070 4057 1198 4121 Verum
1219 4078 1299 4122 cum
1320 4058 1478 4121 bonitate
1500 4064 1644 4122 naturae
1679 4078 1812 4142 semper
1833 4059 1974 4122 coniun-

529 4165 623 4249 gitur
643 4165 799 4229 studium
819 4166 876 4228 vel
896 4164 998 4229 ardor
1018 4165 1154 4241 amoris,
1177 4164 1246 4229 imo
1263 4185 1304 4228 ex
1317 4165 1381 4229 hoc
1404 4165 1551 4229 maxime
1573 4164 1697 4249 ingenii
1719 4165 1856 4229 bonitas
1870 4172 1974 4249 atque

529 4271 687 4335 docilitas
714 4271 993 4355 deprehenditur,
1020 4271 1136 4355 itaque
1161 4272 1232 4335 sine
1257 4271 1372 4335 studio
1397 4271 1480 4335 nihil
1494 4271 1617 4356 egregii
1642 4272 1677 4334 in
1689 4270 1765 4335 vita
1781 4270 1972 4355 comparari

529 4383 656 4461 potest.
687 4379 744 4454 Et,
771 4378 855 4463 quia
881 4377 1054 4461 cupiditas
1082 4377 1236 4441 discendi
1263 4400 1331 4442 non
1360 4379 1510 4443 multum
1538 4378 1687 4461 prodest,
1717 4378 1782 4442 nisi
1809 4377 1972 4441 idoneum

530 4485 659 4549 habeas
687 4485 901 4569 magistrum,
930 4491 1112 4568 propterea
1140 4487 1178 4549 L.
1208 4486 1348 4549 Crassus
1376 4492 1485 4549 artem
1520 4492 1554 4548 et
1582 4484 1652 4559 illa,
1678 4484 1761 4569 quia
1788 4484 1822 4548 in
1850 4483 1974 4548 scholis

530 4592 724 4656 Rhetorum
761 4592 999 4666 tradebantur,
1045 4599 1231 4675 praecepta
1272 4612 1378 4676 quam
1414 4592 1612 4655 brevissime
1648 4592 1826 4674 percurrit,
1863 4612 1974 4675 neque

530 4699 623 4762 enim
648 4699 878 4763 conveniebat
904 4697 973 4761 civi
1001 4698 1161 4762 Romano
1188 4706 1223 4761 et
1249 4699 1324 4761 viro
1350 4699 1520 4762 consulari
1547 4698 1607 4762 diu
1634 4698 1807 4762 immorari
1834 4698 1870 4762 in
1897 4698 1971 4763 istis

529 4805 757 4889 Eloquentiae
770 4806 868 4869 velut
892 4805 1093 4890 unguiculis.
1122 4805 1310 4888 Praecepta
1335 4811 1452 4869 autern
1477 4805 1533 4868 illa
1557 4805 1638 4868 licet
1664 4825 1845 4869 numerosa
1869 4812 1973 4890 atque

528 4914 668 4995 copiosa
686 4933 755 4976 non
774 4913 854 4989 sint,
874 4920 991 4976 tamen
1010 4912 1053 4974 ad
1072 4911 1139 4975 tria
1157 4911 1328 4996 generalia
1346 4912 1478 4995 possint
1497 4911 1613 4976 reduci
1630 4912 1758 4995 capita:
1771 4911 1971 4976 adoratoris

528 5018 778 5094 definitionem,
803 5020 877 5084 vim
901 5018 1054 5082 eiusdem
1078 5026 1112 5082 et
1138 5018 1339 5083 orationem.
1364 5019 1491 5082 Verum
1515 5026 1549 5082 et
1575 5024 1761 5103 praecepta
1785 5017 1869 5082 nihil
1892 5039 1969 5102 pro-

528 5134 620 5201 sunt,
638 5126 703 5190 nisi
720 5126 923 5190 exercitatio
940 5131 1045 5210 atque
1062 5146 1142 5189 usus
1160 5126 1376 5209 suscipiatur,
1391 5146 1480 5210 quae
1496 5125 1552 5188 vel
1569 5126 1662 5189 dorni
1678 5125 1770 5189 intra
1786 5124 1973 5209 parietinas

528 5240 562 5297 et
579 5231 678 5317 quasi
696 5232 731 5296 in
749 5233 874 5298 umbra
891 5232 947 5295 vel
965 5232 1000 5295 in
1018 5232 1092 5295 toro
1110 5240 1144 5296 et
1161 5232 1260 5315 quasi
1278 5232 1313 5295 in
1331 5233 1473 5316 pulvere
1492 5240 1595 5316 atque
1613 5233 1678 5296 sub
1695 5232 1765 5295 sole
1784 5231 1970 5317 peragitur.

528 5338 631 5404 Domi
657 5338 749 5403 enirn
767 5339 1000 5403 adolescentes
1027 5340 1174 5402 exerceri
1201 5339 1329 5403 debent
1356 5339 1594 5415 declamando;
1622 5346 1658 5403 at
1686 5338 1973 5403 declamationem

643 5542 665 5612 ¹)
687 5540 759 5598 coa
780 5541 936 5597 sentirent
